@ARTICLE{califa_starlight,
   author = {{Cid Fernandes}, R. and {P{\'e}rez}, E. and {Garc{\'{\i}}a Benito}, R. and 
	{Gonz{\'a}lez Delgado}, R.~M. and {de Amorim}, A.~L. and {S{\'a}nchez}, S.~F. and 
	{Husemann}, B. and {Falc{\'o}n Barroso}, J. and {S{\'a}nchez-Bl{\'a}zquez}, P. and 
	{Walcher}, C.~J. and {Mast}, D.},
    title = "{Resolving galaxies in time and space. I. Applying STARLIGHT to CALIFA datacubes}",
  journal = {\aap},
archivePrefix = "arXiv",
   eprint = {1304.5788},
 keywords = {galaxies: general, galaxies: stellar content, galaxies: fundamental parameters},
     year = 2013,
    month = sep,
   volume = 557,
      eid = {A86},
    pages = {A86},
      doi = {10.1051/0004-6361/201220616},
   adsurl = {http://adsabs.harvard.edu/abs/2013A%26A...557A..86C},
  adsnote = {Provided by the SAO/NASA Astrophysics Data System}
}


@ARTICLE{califa_2nd,
   author = {{Garc\'ia-Benito}, R. and {Zibetti}, S. and {S\'anchez}, S.~F. and 
	{Husemann}, B. and {de Amorim}, A.~L. and {Castillo-Morales}, A. and 
	{Cid Fernandes}, R. and {Ellis}, S.~C. and {Falc\'on-Barroso}, J. and 
	{Galbany}, L. and {Gil de Paz}, A. and {Gonz\'alez Delgado}, R.~M. and 
	{Lacerda}, E.~A.~D.},
    title = "{CALIFA, the Calar Alto Legacy Integral Field Area survey. III. Second public data release}",
  journal = {\aap},
archivePrefix = "arXiv",
   eprint = {1409.8302},
 keywords = {surveys, techniques: spectroscopic, galaxies: general},
     year = 2015,
    month = apr,
   volume = 576,
      eid = {A135},
    pages = {A135},
      doi = {10.1051/0004-6361/201425080},
   adsurl = {http://adsabs.harvard.edu/abs/2015A%26A...576A.135G},
  adsnote = {Provided by the SAO/NASA Astrophysics Data System}
}


@ARTICLE{Aihara,
   author = {{Aihara}, H. and {Allende Prieto}, C. and {An}, D. and {Anderson}, S. F. and 
	{Aubourg}, {\'E}. and {Balbinot}, E. and {Beers}, T. C. and 
	{Berlind}, A. A. and {Bickerton}, S. J. and {Bizyaev}, D.
	},
    title = "{The Eighth Data Release of the Sloan Digital Sky Survey: First Data from SDSS-III}",
  journal = {\apjs},
archivePrefix = "arXiv",
   eprint = {1101.1559},
 primaryClass = "astro-ph.IM",
 keywords = {atlases, catalogs, surveys},
     year = 2011,
    month = apr,
   volume = 193,
      eid = {29},
    pages = {29},
      doi = {10.1088/0067-0049/193/2/29},
   adsurl = {http://adsabs.harvard.edu/abs/2011ApJS..193...29A},
  adsnote = {Provided by the SAO/NASA Astrophysics Data System}
}

@ARTICLE{vandermarel,
   author = {{van der Marel}, R.~P. and {Cioni}, M.-R.~L.},
    title = "{Magellanic Cloud Structure from Near-Infrared Surveys. I. The Viewing Angles of the Large Magellanic Cloud}",
  journal = {\aj},
   eprint = {arXiv:astro-ph/0105339},
 keywords = {Stars: Color-Magnitude Diagrams, Galaxies: Fundamental Parameters, Galaxies: Structure, Galaxies: Magellanic Clouds, Stars: AGB and Post-AGB},
     year = 2001,
    month = oct,
   volume = 122,
    pages = {1807-1826},
      doi = {10.1086/323099},
   adsurl = {http://adsabs.harvard.edu/abs/2001AJ....122.1807V},
  adsnote = {Provided by the SAO/NASA Astrophysics Data System}
}


@INPROCEEDINGS{gaia2002,
   author = {{Ku{\v c}inskas}, A. and {Brid{\v z}ius}, A. and {Vansevi{\v c}ius}, V.
	},
    title = "{Stellar Populations in the Large Magellanic Cloud: The Impact from GAIA}",
booktitle = {EAS Publications Series},
     year = 2002,
   series = {EAS Publications Series},
   volume = 2,
   editor = {{Bienayme}, O. and {Turon}, C.},
    pages = {383-384},
      doi = {10.1051/eas:2002041},
   adsurl = {http://adsabs.harvard.edu/abs/2002EAS.....2..383K},
  adsnote = {Provided by the SAO/NASA Astrophysics Data System}
}

@ARTICLE{gaia02,
   author = {{Ku{\v c}inskas}, A. and {Brid{\v z}ius}, A. and {Vansevi{\v c}ius}, V.
	},
    title = "{Globular Clusters in the Large Magellanic Cloud: An Impact from GAIA Photometry}",
  journal = {\apss},
     year = 2002,
   volume = 280,
    pages = {159-163},
      doi = {10.1023/A:1015543315208},
   adsurl = {http://adsabs.harvard.edu/abs/2002Ap%26SS.280..159K},
  adsnote = {Provided by the SAO/NASA Astrophysics Data System}
}

@INPROCEEDINGS{spite,
   author = {{Spite}, M.},
    title = "{GAIA and the Stellar Populations in the Magellanic Clouds}",
booktitle = {EAS Publications Series},
     year = 2002,
   series = {EAS Publications Series},
   volume = 2,
   editor = {{Bienayme}, O. and {Turon}, C.},
    pages = {287-293},
   adsurl = {http://adsabs.harvard.edu/abs/2002EAS.....2..287S},
  adsnote = {Provided by the SAO/NASA Astrophysics Data System}
}

@ARTICLE{vandermarel01,
   author = {{van der Marel}, R.~P.},
    title = "{Magellanic Cloud Structure from Near-Infrared Surveys. II. Star Count Maps and the Intrinsic Elongation of the Large Magellanic Cloud}",
  journal = {\aj},
   eprint = {arXiv:astro-ph/0105340},
 keywords = {Stars: Color-Magnitude Diagrams, Galaxies: Fundamental Parameters, Galaxies: Structure, Galaxies: Magellanic Clouds, Stars: AGB and Post-AGB},
     year = 2001,
    month = oct,
   volume = 122,
    pages = {1827-1843},
      doi = {10.1086/323100},
   adsurl = {http://adsabs.harvard.edu/abs/2001AJ....122.1827V},
  adsnote = {Provided by the SAO/NASA Astrophysics Data System}
}

@ARTICLE{dottori,
   author = {{Dottori}, H. and {Bica}, E. and {Claria}, J.~J. and {Puerari}, I.
	},
    title = "{Spatial Distributions of Young Large Magellanic Cloud Clusters as Tracers of a Bar Perturbation}",
  journal = {\apj},
 keywords = {GALAXIES: KINEMATICS AND DYNAMICS, GALAXIES: STRUCTURE, GALAXIES: MAGELLANIC CLOUDS, GALAXY: OPEN CLUSTERS AND ASSOCIATIONS: GENERAL},
     year = 1996,
    month = apr,
   volume = 461,
    pages = {742},
      doi = {10.1086/177098},
   adsurl = {http://adsabs.harvard.edu/abs/1996ApJ...461..742D},
  adsnote = {Provided by the SAO/NASA Astrophysics Data System}
}

@ARTICLE{maragoudaki98,
   author = {{Maragoudaki}, F. and {Kontizas}, M. and {Kontizas}, E. and 
	{Dapergolas}, A. and {Morgan}, D.~H.},
    title = "{The LMC stellar complexes in luminosity slices. Star formation indicators}",
  journal = {\aap},
 keywords = {GALAXIES: STELLAR CONTENT, MAGELLANIC CLOUDS, STAR FORMATION},
     year = 1998,
    month = oct,
   volume = 338,
    pages = {L29-L32},
   adsurl = {http://adsabs.harvard.edu/abs/1998A%26A...338L..29M},
  adsnote = {Provided by the SAO/NASA Astrophysics Data System}
}

@ARTICLE{Maragoudaki01,
   author = {{Maragoudaki}, F. and {Kontizas}, M. and {Morgan}, D.~H. and 
	{Kontizas}, E. and {Dapergolas}, A. and {Livanou}, E.},
    title = "{The recent structural evolution of the SMC}",
  journal = {\aap},
 keywords = {GALAXIES: MAGELLANIC CLOUDS, GALAXIES: INTERACTIONS, GALAXIES: EVOLUTION, GALAXIES: STRUCTURE},
     year = 2001,
    month = dec,
   volume = 379,
    pages = {864-869},
      doi = {10.1051/0004-6361:20011454},
   adsurl = {http://adsabs.harvard.edu/abs/2001A%26A...379..864M},
  adsnote = {Provided by the SAO/NASA Astrophysics Data System}
}

@ARTICLE{cioni,
   author = {{Cioni}, M.-R.~L. and {Habing}, H.~J. and {Israel}, F.~P.},
    title = "{The morphology of the Magellanic Clouds revealed by stars of different age: results from the DENIS survey}",
  journal = {\aap},
   eprint = {arXiv:astro-ph/0005057},
 keywords = {GALAXIES: MAGELLANIC CLOUDS},
     year = 2000,
    month = jun,
   volume = 358,
    pages = {L9-L12},
   adsurl = {http://adsabs.harvard.edu/abs/2000A%26A...358L...9C},
  adsnote = {Provided by the SAO/NASA Astrophysics Data System}
}


@ARTICLE{nikolaev,
   author = {{Nikolaev}, S. and {Weinberg}, M.~D.},
    title = "{Stellar Populations in the Large Magellanic Cloud from 2MASS}",
  journal = {\apj},
   eprint = {arXiv:astro-ph/0003012},
 keywords = {Galaxies: Stellar Content, Infrared: Stars, Galaxies: Magellanic Clouds, Stars: Luminosity Function, Mass Function, Surveys},
     year = 2000,
    month = oct,
   volume = 542,
    pages = {804-818},
      doi = {10.1086/317048},
   adsurl = {http://adsabs.harvard.edu/abs/2000ApJ...542..804N},
  adsnote = {Provided by the SAO/NASA Astrophysics Data System}
}


@ARTICLE{gonidakis,
   author = {{Gonidakis}, I. and {Livanou}, E. and {Kontizas}, E. and {Klein}, U. and 
	{Kontizas}, M. and {Belcheva}, M. and {Tsalmantza}, P. and {Karampelas}, A.
	},
    title = "{Structure of the SMC. Stellar component distribution from 2MASS data}",
  journal = {\aap},
archivePrefix = "arXiv",
   eprint = {0812.0880},
 keywords = {galaxies: Magellanic Clouds, galaxies: structure, cosmology: dark matter},
     year = 2009,
    month = mar,
   volume = 496,
    pages = {375-380},
      doi = {10.1051/0004-6361/200809828},
   adsurl = {http://adsabs.harvard.edu/abs/2009A%26A...496..375G},
  adsnote = {Provided by the SAO/NASA Astrophysics Data System}
}

@ARTICLE{belcheva,
   author = {{Belcheva}, M.~K. and {Livanou}, E. and {Kontizas}, M. and {Nikolov}, G.~B. and 
	{Kontizas}, E.},
    title = "{Spatial distribution of stellar populations in the Magellanic Clouds: implementation to Gaia}",
  journal = {\aap},
archivePrefix = "arXiv",
   eprint = {1011.6226},
 primaryClass = "astro-ph.CO",
 keywords = {Magellanic Clouds, Local Group, galaxies: structures, galaxies: stellar content},
     year = 2011,
    month = mar,
   volume = 527,
      eid = {A31},
    pages = {A31},
      doi = {10.1051/0004-6361/201015835},
   adsurl = {http://adsabs.harvard.edu/abs/2011A%26A...527A..31B},
  adsnote = {Provided by the SAO/NASA Astrophysics Data System}
}

@ARTICLE{gargiulo,
   author = {{Gargiulo}, A. and {Saracco}, P. and {Longhetti}, M. and {La Barbera}, F. and 
	{Tamburri}, S.},
    title = "{Spatially resolved colours and stellar population properties in early-type galaxies at z $\sim$ 1.5}",
  journal = {\mnras},
archivePrefix = "arXiv",
   eprint = {1207.2295},
 primaryClass = "astro-ph.CO",
 keywords = {galaxies: elliptical and lenticular, cD, galaxies: evolution, galaxies: formation, galaxies: high-redshift, galaxies: stellar content},
     year = 2012,
    month = oct,
   volume = 425,
    pages = {2698-2714},
      doi = {10.1111/j.1365-2966.2012.21670.x},
   adsurl = {http://adsabs.harvard.edu/abs/2012MNRAS.425.2698G},
  adsnote = {Provided by the SAO/NASA Astrophysics Data System}
}


@ARTICLE{Kobayashi,
   author = {{Kobayashi}, C.},
    title = "{GRAPE-SPH chemodynamical simulation of elliptical galaxies - I. Evolution of metallicity gradients}",
  journal = {\mnras},
   eprint = {arXiv:astro-ph/0310160},
 keywords = {methods: N-body simulations, galaxies: abundances, galaxies: elliptical and lenticular, cD, galaxies: evolution, galaxies: formation},
     year = 2004,
    month = jan,
   volume = 347,
    pages = {740-758},
      doi = {10.1111/j.1365-2966.2004.07258.x},
   adsurl = {http://adsabs.harvard.edu/abs/2004MNRAS.347..740K},
  adsnote = {Provided by the SAO/NASA Astrophysics Data System}
}

@ARTICLE{merlin,
   author = {{Merlin}, E. and {Chiosi}, C.},
    title = "{Formation and evolution of early-type galaxies. II. Models with quasi-cosmological initial conditions}",
  journal = {\aap},
   eprint = {arXiv:astro-ph/0605052},
 keywords = {galaxies: elliptical and lenticular, cD, galaxies: formation, galaxies: evolution, methods: N-body simulations},
     year = 2006,
    month = oct,
   volume = 457,
    pages = {437-453},
      doi = {10.1051/0004-6361:20054486},
   adsurl = {http://adsabs.harvard.edu/abs/2006A%26A...457..437M},
  adsnote = {Provided by the SAO/NASA Astrophysics Data System}
}


@ARTICLE{katz,
   author = {{Katz}, N.},
    title = "{Dissipationless collapse in an expanding universe}",
  journal = {\apj},
 keywords = {GALACTIC CLUSTERS, GALACTIC STRUCTURE, GRAVITATIONAL COLLAPSE, ASTRONOMICAL MODELS, DENSITY DISTRIBUTION, ELLIPTICAL GALAXIES, MANY BODY PROBLEM},
     year = 1991,
    month = feb,
   volume = 368,
    pages = {325-336},
      doi = {10.1086/169696},
   adsurl = {http://adsabs.harvard.edu/abs/1991ApJ...368..325K},
  adsnote = {Provided by the SAO/NASA Astrophysics Data System}
}

@ARTICLE{toomre,
   author = {{Toomre}, A. and {Toomre}, J.},
    title = "{Galactic Bridges and Tails}",
  journal = {\apj},
     year = 1972,
    month = dec,
   volume = 178,
    pages = {623-666},
      doi = {10.1086/151823},
   adsurl = {http://adsabs.harvard.edu/abs/1972ApJ...178..623T},
  adsnote = {Provided by the SAO/NASA Astrophysics Data System}
}

@ARTICLE{bell,
   author = {{Bell}, E.~F. and {Wolf}, C. and {Meisenheimer}, K. and {Rix}, H.-W. and 
	{Borch}, A. and {Dye}, S. and {Kleinheinrich}, M. and {Wisotzki}, L. and 
	{McIntosh}, D.~H.},
    title = "{Nearly 5000 Distant Early-Type Galaxies in COMBO-17: A Red Sequence and Its Evolution since z$\sim$1}",
  journal = {\apj},
   eprint = {arXiv:astro-ph/0303394},
 keywords = {Galaxies: Elliptical and Lenticular, cD, Galaxies: Evolution, Galaxies: General, Galaxies: Luminosity Function, Mass Function, Galaxies: Stellar Content, Surveys},
     year = 2004,
    month = jun,
   volume = 608,
    pages = {752-767},
      doi = {10.1086/420778},
   adsurl = {http://adsabs.harvard.edu/abs/2004ApJ...608..752B},
  adsnote = {Provided by the SAO/NASA Astrophysics Data System}
}

@ARTICLE{dimatteo,
   author = {{Di Matteo}, P. and {Pipino}, A. and {Lehnert}, M.~D. and {Combes}, F. and 
	{Semelin}, B.},
    title = "{On the survival of metallicity gradients to major dry-mergers}",
  journal = {\aap},
archivePrefix = "arXiv",
   eprint = {0903.2846},
 primaryClass = "astro-ph.CO",
 keywords = {methods: N-body simulations, methods: numerical, galaxies: evolution, galaxies: interaction, galaxies: elliptical and lenticular, cD},
     year = 2009,
    month = may,
   volume = 499,
    pages = {427-437},
      doi = {10.1051/0004-6361/200911715},
   adsurl = {http://adsabs.harvard.edu/abs/2009A%26A...499..427D},
  adsnote = {Provided by the SAO/NASA Astrophysics Data System}
}

@Article{Fall,
author = {{Fall}, S. ~M. and {Efstathiou}, G.},
title = "{Formation and rotation of disc galaxies with haloes}",
journal = {\mnras},
keywords={DISK GALAXIES, GALACTIC EVOLUTION, GALACTIC ROTATION, GALACTIC STRUTURE, HALOS, ANGULAR MOMENTUM, ASTRONOMICAL MODELS, INTERESTELAR GAS, MASS RATIOS},
year = {1980},
month = {oct},
volume = {193},
OPTnumber = {•},
pages = {189-206},
OPTmonth = {•},
OPTnote = {•},
OPTannote = {•}
}


@ARTICLE{renzini,
   author = {{Renzini}, A.},
    title = "{Stellar Population Diagnostics of Elliptical Galaxy Formation}",
  journal = {\araa},
   eprint = {arXiv:astro-ph/0603479},
     year = 2006,
    month = sep,
   volume = 44,
    pages = {141-192},
      doi = {10.1146/annurev.astro.44.051905.092450},
   adsurl = {http://adsabs.harvard.edu/abs/2006ARA%26A..44..141R},
  adsnote = {Provided by the SAO/NASA Astrophysics Data System}
}

@ARTICLE{daddi,
   author = {{Daddi}, E. and {Renzini}, A. and {Pirzkal}, N. and {Cimatti}, A. and 
	{Malhotra}, S. and {Stiavelli}, M. and {Xu}, C. and {Pasquali}, A. and 
	{Rhoads}, J.~E. and {Brusa}, M. and {di Serego Alighieri}, S. and 
	{Ferguson}, H.~C. and {Koekemoer}, A.~M. and {Moustakas}, L.~A. and 
	{Panagia}, N. and {Windhorst}, R.~A.},
    title = "{Passively Evolving Early-Type Galaxies at $1.4 <\sim z <\sim 2.5$ in the Hubble Ultra Deep Field}",
  journal = {\apj},
   eprint = {arXiv:astro-ph/0503102},
 keywords = {Cosmology: Observations, Galaxies: Evolution, Galaxies: Formation, Galaxies: High-Redshift},
     year = 2005,
    month = jun,
   volume = 626,
    pages = {680-697},
      doi = {10.1086/430104},
   adsurl = {http://adsabs.harvard.edu/abs/2005ApJ...626..680D},
  adsnote = {Provided by the SAO/NASA Astrophysics Data System}
}

@ARTICLE{wuyts,
   author = {{Wuyts}, S. and {Cox}, T.~J. and {Hayward}, C.~C. and {Franx}, M. and 
	{Hernquist}, L. and {Hopkins}, P.~F. and {Jonsson}, P. and {van Dokkum}, P.~G.
	},
    title = "{On Sizes, Kinematics, M/L Gradients, and Light Profiles of Massive Compact Galaxies at z $\sim$ 2}",
  journal = {\apj},
archivePrefix = "arXiv",
   eprint = {1008.4127},
 primaryClass = "astro-ph.CO",
 keywords = {galaxies: evolution, galaxies: formation, galaxies: stellar content, galaxies: structure},
     year = 2010,
    month = oct,
   volume = 722,
    pages = {1666-1684},
      doi = {10.1088/0004-637X/722/2/1666},
   adsurl = {http://adsabs.harvard.edu/abs/2010ApJ...722.1666W},
  adsnote = {Provided by the SAO/NASA Astrophysics Data System}
}

@ARTICLE{hopkins,
   author = {{Hopkins}, P.~F. and {Bundy}, K. and {Murray}, N. and {Quataert}, E. and 
	{Lauer}, T.~R. and {Ma}, C.-P.},
    title = "{Compact high-redshift galaxies are the cores of the most massive present-day spheroids}",
  journal = {\mnras},
archivePrefix = "arXiv",
   eprint = {0903.2479},
 primaryClass = "astro-ph.CO",
 keywords = {galaxies: active , galaxies: elliptical and lenticular, cD , galaxies: evolution , galaxies: formation , cosmology: theory},
     year = 2009,
    month = sep,
   volume = 398,
    pages = {898-910},
      doi = {10.1111/j.1365-2966.2009.15062.x},
   adsurl = {http://adsabs.harvard.edu/abs/2009MNRAS.398..898H},
  adsnote = {Provided by the SAO/NASA Astrophysics Data System}
}

@ARTICLE{abraham,
   author = {{Abraham}, R.~G. and {van den Bergh}, S. and {Nair}, P. and {P} P.},
    title = "{A New Approach to Galaxy Morphology. I. Analysis of the Sloan Digital Sky Survey Early Data Release}",
  journal = {\apj},
   eprint = {arXiv:astro-ph/0301239},
 keywords = {Galaxies: Evolution, Galaxies: Fundamental Parameters},
     year = 2003,
    month = may,
   volume = 588,
    pages = {218-229},
      doi = {10.1086/373919},
   adsurl = {http://adsabs.harvard.edu/abs/2003ApJ...588..218A},
  adsnote = {Provided by the SAO/NASA Astrophysics Data System}
}

@Article{Gini,
author = {{Gini}, C.},
title = {Variabilit\`a e mutabilit\`a},
journal = {reprinted in Memorie di Metodologia Statistica},
year = {1912},
}


@Article{glasser,
author = {{Glasser}, G. J.},
title = {Variance formulas for the mean difference and coefficient of concentration},
journal = {Journal of the American Statistical Association},
year = {1962},
volume = {57},
number = {648},
}


@Article{santalo,
author = {{Santalo}, L. A.},
title = {Integral Geometry and Geometric Probability},
journal = {Addison-Wesley, Reading, MA},
year = {1976},
}

@Article{Rosenfeld,
author = {{Rosenfeld}, A. and {Kak}, C.},
title = {Digital Picture Processing},
journal = {Academic},
year = {1976},
}

@Article{Serra,
author = {{Serra}, J.},
title = {Image Analysis and Mathematical Morphology},
journal = {Academic},
year = {1982},
volume = {1 and 2},
}

@PhdThesis{Mecke,
author = {{Mecke}, K. R.},
school = {Munich},
year = {1993}
}


@Article{Mecke2,
author = {{Mecke}, K. R.},
title = {Morphological characterization of patterns in reaction-diffusion systems},
journal = {Phys. Rev. E},
year = {1996},
volume = {53},
number = {4794},
pages = {4794},
}

@Article{Rehse,
author = {{Rehse}, S.},
title = {Characterization of the dynamics of block copolymer microdomains with local morphological measures},
journal = {Phys. Rev. E},
year = {2008},
OPTvolume = {77},
OPTnumber = {051805},
}


@ARTICLE{shimasaku,
   author = {{Shimasaku}, K. and {Fukugita}, M. and {Doi}, M. and {Hamabe}, M. and 
	{Ichikawa}, T. and {Okamura}, S. and {Sekiguchi}, M. and {Yasuda}, N. and 
	{Brinkmann}, J. and {Csabai}, I. and {Ichikawa}, S.-I. and {Ivezi{\'c}}, Z. and 
	{Kunszt}, P.~Z. and {Schneider}, D.~P. and {Szokoly}, G.~P. and 
	{Watanabe}, M. and {York}, D.~G.},
    title = "{Statistical Properties of Bright Galaxies in the Sloan Digital Sky Survey Photometric System}",
  journal = {\aj},
   eprint = {arXiv:astro-ph/0105401},
 keywords = {Galaxies: Fundamental Parameters, Galaxies: Photometry},
     year = 2001,
    month = sep,
   volume = 122,
    pages = {1238-1250},
      doi = {10.1086/322094},
   adsurl = {http://adsabs.harvard.edu/abs/2001AJ....122.1238S},
  adsnote = {Provided by the SAO/NASA Astrophysics Data System}
}


@ARTICLE{abilio,
   author = {{Mateus}, A. and {Sodr{\'e}}, L. and {Cid Fernandes}, R. and 
	{Stasi{\'n}ska}, G. and {Schoenell}, W. and {Gomes}, J.~M.},
    title = "{Semi-empirical analysis of Sloan Digital Sky Survey galaxies - II. The bimodality of the galaxy population revisited}",
  journal = {\mnras},
   eprint = {arXiv:astro-ph/0511578},
 keywords = {stars: formation: galaxies: evolution: galaxies: formation: galaxies: fundamental parameters: galaxies: stellar content, stars: formation, galaxies: evolution, galaxies: formation, galaxies: fundamental parameters, galaxies: stellar content},
     year = 2006,
    month = aug,
   volume = 370,
    pages = {721-737},
      doi = {10.1111/j.1365-2966.2006.10565.x},
   adsurl = {http://adsabs.harvard.edu/abs/2006MNRAS.370..721M},
  adsnote = {Provided by the SAO/NASA Astrophysics Data System}
}

@ARTICLE{abilio07,
   author = {{Mateus}, A. and {Sodr{\'e}}, L. and {Cid Fernandes}, R. and 
	{Stasi{\'n}ska}, G.},
    title = "{Semi-empirical analysis of Sloan Digital Sky Survey galaxies - IV. A nature via nurture scenario for galaxy evolution}",
  journal = {\mnras},
   eprint = {arXiv:astro-ph/0604063},
 keywords = {stars: formation, galaxies: evolution, galaxies: formation, galaxies: fundamental parameters, galaxies: stellar content},
     year = 2007,
    month = feb,
   volume = 374,
    pages = {1457-1472},
      doi = {10.1111/j.1365-2966.2006.11290.x},
   adsurl = {http://adsabs.harvard.edu/abs/2007MNRAS.374.1457M},
  adsnote = {Provided by the SAO/NASA Astrophysics Data System}
}

@ARTICLE{asari,
   author = {{Vale Asari}, N. and {Stasi{\'n}ska}, G. and {Cid Fernandes}, R. and 
	{Gomes}, J.~M. and {Schlickmann}, M. and {Mateus}, A. and {Schoenell}, W.
	},
    title = "{The evolution of the mass-metallicity relation in SDSS galaxies uncovered by astropaleontology}",
  journal = {\mnras},
archivePrefix = "arXiv",
   eprint = {0903.4167},
 primaryClass = "astro-ph.GA",
 keywords = {galaxies: evolution, galaxies: statistics, galaxies: stellar content},
     year = 2009,
    month = jun,
   volume = 396,
    pages = {L71-L75},
      doi = {10.1111/j.1745-3933.2009.00664.x},
   adsurl = {http://adsabs.harvard.edu/abs/2009MNRAS.396L..71V},
  adsnote = {Provided by the SAO/NASA Astrophysics Data System}
}

@ARTICLE{cid07,
   author = {{Cid Fernandes}, R. and {Asari}, N.~V. and {Sodr{\'e}}, L. and 
	{Stasi{\'n}ska}, G. and {Mateus}, A. and {Torres-Papaqui}, J.~P. and 
	{Schoenell}, W.},
    title = "{Uncovering the chemical enrichment and mass-assembly histories of star-forming galaxies}",
  journal = {\mnras},
   eprint = {arXiv:astro-ph/0610815},
 keywords = {galaxies: evolution, galaxies: statistics, galaxies: stellar content},
     year = 2007,
    month = feb,
   volume = 375,
    pages = {L16-L20},
      doi = {10.1111/j.1745-3933.2006.00265.x},
   adsurl = {http://adsabs.harvard.edu/abs/2007MNRAS.375L..16C},
  adsnote = {Provided by the SAO/NASA Astrophysics Data System}
}

@ARTICLE{sdss7,
   author = {{Abazajian}, K.~N. and {Adelman-McCarthy}, J.~K. and {Ag{\"u}eros}, M.~A. and 
	{Allam}, S.~S. and {Allende Prieto}, C. and {An}, D. and {Anderson}, K.~S.~J. and 
	{Anderson}, S.~F. and {Annis}, J. and {Bahcall}, N.~A. and et al.},
    title = "{The Seventh Data Release of the Sloan Digital Sky Survey}",
  journal = {\apjs},
archivePrefix = "arXiv",
   eprint = {0812.0649},
 keywords = {atlases, catalogs, surveys},
     year = 2009,
    month = jun,
   volume = 182,
      eid = {543},
    pages = {543-558},
      doi = {10.1088/0067-0049/182/2/543},
   adsurl = {http://adsabs.harvard.edu/abs/2009ApJS..182..543A},
  adsnote = {Provided by the SAO/NASA Astrophysics Data System}
}

@ARTICLE{colless,
   author = {{Colless}, M.},
    title = "{First results from the 2dF Galaxy Redshift Survey}",
  journal = {Royal Society of London Philosophical Transactions Series A},
   eprint = {arXiv:astro-ph/9804079},
     year = 1999,
    month = jan,
   volume = 357,
    pages = {105},
      doi = {10.1098/rsta.1999.0317},
   adsurl = {http://adsabs.harvard.edu/abs/1999RSPTA.357..105C},
  adsnote = {Provided by the SAO/NASA Astrophysics Data System}
}

@ARTICLE{jamie,
   author = {{Ownsworth}, J.~R. and {Conselice}, C.~J. and {Mortlock}, A. and 
	{Hartley}, W.~G. and {Buitrago}, F.},
    title = "{Evolution of massive galaxy structural properties and sizes via star formation in the GOODS NICMOS Survey}",
  journal = {\mnras},
archivePrefix = "arXiv",
   eprint = {1207.3084},
 primaryClass = "astro-ph.GA",
 keywords = {galaxies: evolution, galaxies: star formation },
     year = 2012,
    month = oct,
   volume = 426,
    pages = {764-778},
      doi = {10.1111/j.1365-2966.2012.21709.x},
   adsurl = {http://adsabs.harvard.edu/abs/2012MNRAS.426..764O},
  adsnote = {Provided by the SAO/NASA Astrophysics Data System}
}

@ARTICLE{barker,
   author = {{Barker}, M.~K. and {Sarajedini}, A. and {Geisler}, D. and {Harding}, P. and 
	{Schommer}, R.},
    title = "{The Stellar Populations in the Outer Regions of M33. III. Star Formation History}",
  journal = {\aj},
   eprint = {arXiv:astro-ph/0611892},
 keywords = {galaxies: abundances, galaxies: evolution, galaxies: individual: M33, galaxies: stellar content, galaxies: structure, Local Group},
     year = 2007,
    month = mar,
   volume = 133,
    pages = {1138-1160},
      doi = {10.1086/511186},
   adsurl = {http://adsabs.harvard.edu/abs/2007AJ....133.1138B},
  adsnote = {Provided by the SAO/NASA Astrophysics Data System}
}

@ARTICLE{egen,
   author = {{Eggen}, O.~J. and {Lynden-Bell}, D. and {Sandage}, A.~R.},
    title = "{Evidence from the motions of old stars that the Galaxy collapsed.}",
  journal = {\apj},
     year = 1962,
    month = nov,
   volume = 136,
    pages = {748},
      doi = {10.1086/147433},
   adsurl = {http://adsabs.harvard.edu/abs/1962ApJ...136..748E},
  adsnote = {Provided by the SAO/NASA Astrophysics Data System}
}

@ARTICLE{freeman,
   author = {{Freeman}, K. and {Bland-Hawthorn}, J.},
    title = "{The New Galaxy: Signatures of Its Formation}",
  journal = {\araa},
   eprint = {arXiv:astro-ph/0208106},
 keywords = {osmology, local group, stellar populations, stellar kinematics},
     year = 2002,
   volume = 40,
    pages = {487-537},
      doi = {10.1146/annurev.astro.40.060401.093840},
   adsurl = {http://adsabs.harvard.edu/abs/2002ARA%26A..40..487F},
  adsnote = {Provided by the SAO/NASA Astrophysics Data System}
}

@INPROCEEDINGS{sodre01,
   author = {{Sodr{\'e}}, Jr., L.},
    title = "{Optical Galaxy redshift surveys}",
 keywords = {Cosmology: observations, Galaxies: general, Galaxies: evolution},
booktitle = {SF2A-2012: Proceedings of the Annual meeting of the French Society of Astronomy and Astrophysics},
     year = 2012,
   editor = {{Boissier}, S. and {de Laverny}, P. and {Nardetto}, N. and {Samadi}, R. and 
	{Valls-Gabaud}, D. and {Wozniak}, H.},
    month = dec,
    pages = {481-484},
   adsurl = {http://adsabs.harvard.edu/abs/2012sf2a.conf..481S},
  adsnote = {Provided by the SAO/NASA Astrophysics Data System}
}

@INPROCEEDINGS{sodre02,
   author = {{Sodr{\'e}}, Jr., L.},
    title = "{Cosmology with large galaxy redshift surveys}",
 keywords = {astronomical photometry, astronomical surveys, cosmology, dark energy, dark matter, galaxies, parameter estimation, red shift, Dark matter, Dark energy, Astronomical catalogs, atlases, sky surveys, databases, retrieval systems, archives, etc., Distances, redshifts, radial velocities; spatial distribution of galaxies, Observational cosmology},
booktitle = {American Institute of Physics Conference Series},
     year = 2012,
   series = {American Institute of Physics Conference Series},
   volume = 1471,
archivePrefix = "arXiv",
   eprint = {1212.1576},
 primaryClass = "astro-ph.CO",
   editor = {{Alcaniz}, J. and {Carneiro}, S. and {Chimento}, L.~P. and {Del Campo}, S. and 
	{Fabris}, J.~C. and {Lima}, J.~A.~S. and {Zimdahl}, W.},
    month = oct,
    pages = {22-26},
      doi = {10.1063/1.4756806},
   adsurl = {http://adsabs.harvard.edu/abs/2012AIPC.1471...22S},
  adsnote = {Provided by the SAO/NASA Astrophysics Data System}
}

@INPROCEEDINGS{califa,
   author = {{S{\'a}nchez}, S.~F. and {Kennicutt}, R.~C. and {Gil de Paz}, A. and 
	{van den Ven}, G. and {Vilchez}, J.~M. and {Wisotzki}, L. and 
	{Marino}, R.~A. and {M{\'a}rmol-Queralt{\'o}}, E. and {Mast}, D. and 
	{Viironen}, K.},
    title = "{CALIFA, the Calar Alto Legacy Integral Field Area survey: early report}",
booktitle = {Highlights of Spanish Astrophysics VI},
     year = 2011,
archivePrefix = "arXiv",
   eprint = {1012.3002},
 primaryClass = "astro-ph.CO",
   editor = {{Zapatero Osorio}, M.~R. and {Gorgas}, J. and {Ma{\'{\i}}z Apell{\'a}niz}, J. and 
	{Pardo}, J.~R. and {Gil de Paz}, A.},
    month = nov,
    pages = {339-344},
   adsurl = {http://adsabs.harvard.edu/abs/2011hsa6.conf..339S},
  adsnote = {Provided by the SAO/NASA Astrophysics Data System}
}


@INPROCEEDINGS{lsst,
   author = {{Ivezic}, Z. and {Tyson}, J.~A. and {Axelrod}, T. and {Burke}, D. and 
	{Claver}, C.~F. and {Cook}, K.~H. and {Kahn}, S.~M. and {Lupton}, R.~H. and 
	{Monet}, D.~G. and {Pinto}, P.~A. and {Strauss}, M.~A. and {Stubbs}, C.~W. and 
	{Jones}, L. and {Saha}, A. and {Scranton}, R. and {Smith}, C. and 
	{LSST Collaboration}},
    title = "{LSST: From Science Drivers To Reference Design And Anticipated Data Products}",
booktitle = {American Astronomical Society Meeting Abstracts 213},
     year = 2009,
   series = {Bulletin of the American Astronomical Society},
   volume = 41,
    month = jan,
    pages = {460.03},
   adsurl = {http://adsabs.harvard.edu/abs/2009AAS...21346003I},
  adsnote = {Provided by the SAO/NASA Astrophysics Data System}
}

@ARTICLE{baade,
   author = {{Baade}, W.},
    title = "{The Resolution of Messier 32, NGC 205, and the Central Region of the Andromeda Nebula.}",
  journal = {\apj},
     year = 1944,
    month = sep,
   volume = 100,
    pages = {137},
      doi = {10.1086/144650},
   adsurl = {http://adsabs.harvard.edu/abs/1944ApJ...100..137B},
  adsnote = {Provided by the SAO/NASA Astrophysics Data System}
}

@INPROCEEDINGS{worthey,
   author = {{Worthey}, G. and {Trager}, S.~C. and {Faber}, S.~M.},
    title = "{The Galaxian Age-Metallicity Relation}",
booktitle = {Fresh Views of Elliptical Galaxies},
     year = 1995,
   series = {Astronomical Society of the Pacific Conference Series},
   volume = 86,
   editor = {{Buzzoni}, A. and {Renzini}, A. and {Serrano}, A.},
    pages = {203},
   adsurl = {http://adsabs.harvard.edu/abs/1995ASPC...86..203W},
  adsnote = {Provided by the SAO/NASA Astrophysics Data System}
}

@INPROCEEDINGS{arimoto,
   author = {{Arimoto}, N.},
    title = "{Stellar Population Synthesis Models for Elliptical Galaxies}",
booktitle = {From Stars to Galaxies: the Impact of Stellar Physics on Galaxy Evolution},
     year = 1996,
   series = {Astronomical Society of the Pacific Conference Series},
   volume = 98,
   editor = {{Leitherer}, C. and {Fritze-von-Alvensleben}, U. and {Huchra}, J.
	},
    pages = {287},
   adsurl = {http://adsabs.harvard.edu/abs/1996ASPC...98..287A},
  adsnote = {Provided by the SAO/NASA Astrophysics Data System}
}

@ARTICLE{roth05,
   author = {{Roth}, M.~M. and {Kelz}, A. and {Fechner}, T. and {Hahn}, T. and 
	{Bauer}, S.-M. and {Becker}, T. and {B{\"o}hm}, P. and {Christensen}, L. and 
	{Dionies}, F. and {Paschke}, J. and {Popow}, E. and {Wolter}, D. and 
	{Schmoll}, J. and {Laux}, U. and {Altmann}, W.},
    title = "{PMAS: The Potsdam Multi-Aperture Spectrophotometer. I. Design, Manufacture, and Performance}",
  journal = {\pasp},
   eprint = {arXiv:astro-ph/0502581},
 keywords = {Instrumentation: Spectrographs, Techniques: Spectroscopic},
     year = 2005,
    month = jun,
   volume = 117,
    pages = {620-642},
      doi = {10.1086/429877},
   adsurl = {http://adsabs.harvard.edu/abs/2005PASP..117..620R},
  adsnote = {Provided by the SAO/NASA Astrophysics Data System}
}

@ARTICLE{verheijen04,
   author = {{Verheijen}, M.~A.~W. and {Bershady}, M.~A. and {Andersen}, D.~R. and 
	{Swaters}, R.~A. and {Westfall}, K. and {Kelz}, A. and {Roth}, M.~M.
	},
    title = "{The Disk Mass project; science case for a new PMAS IFU module}",
  journal = {Astronomische Nachrichten},
   eprint = {arXiv:astro-ph/0311555},
 keywords = {galaxies: spiral, galaxies: fundamental parameters, galaxies: structure, galaxies: kinematics and dynamics, instrumentation: spectrographs},
     year = 2004,
    month = mar,
   volume = 325,
    pages = {151-154},
      doi = {10.1002/asna.200310197},
   adsurl = {http://adsabs.harvard.edu/abs/2004AN....325..151V},
  adsnote = {Provided by the SAO/NASA Astrophysics Data System}
}

@ARTICLE{kelz06,
   author = {{Kelz}, A. and {Verheijen}, M.~A.~W. and {Roth}, M.~M. and {Bauer}, S.~M. and 
	{Becker}, T. and {Paschke}, J. and {Popow}, E. and {S{\'a}nchez}, S.~F. and 
	{Laux}, U.},
    title = "{PMAS: The Potsdam Multi-Aperture Spectrophotometer. II. The Wide Integral Field Unit PPak}",
  journal = {\pasp},
   eprint = {arXiv:astro-ph/0512557},
 keywords = {Instrumentation: Spectrographs, Techniques: Photometric, Techniques: Spectroscopic},
     year = 2006,
    month = jan,
   volume = 118,
    pages = {129-145},
      doi = {10.1086/497455},
   adsurl = {http://adsabs.harvard.edu/abs/2006PASP..118..129K},
  adsnote = {Provided by the SAO/NASA Astrophysics Data System}
}

@ARTICLE{sanchez,
   author = {{S{\'a}nchez}, S.~F. and {Kennicutt}, R.~C. and {Gil de Paz}, A. and 
	{van de Ven}, G. and {V{\'{\i}}lchez}, J.~M. and {Wisotzki}, L. and 
	{Walcher}, C.~J. and {Mast}, D. and {Aguerri}, J.~A.~L. and 
	{Albiol-P{\'e}rez}, S. and {Alonso-Herrero}, A. and {Alves}, J. and CALIFA Colaborations.},
    title = "{CALIFA, the Calar Alto Legacy Integral Field Area survey. I. Survey presentation}",
  journal = {\aap},
archivePrefix = "arXiv",
   eprint = {1111.0962},
 primaryClass = "astro-ph.CO",
 keywords = {techniques: spectroscopic, galaxies: active, galaxies: evolution, surveys, galaxies: ISM, galaxies: stellar content},
     year = 2012,
    month = feb,
   volume = 538,
      eid = {A8},
    pages = {A8},
      doi = {10.1051/0004-6361/201117353},
   adsurl = {http://adsabs.harvard.edu/abs/2012A%26A...538A...8S},
  adsnote = {Provided by the SAO/NASA Astrophysics Data System}
}

@ARTICLE{shapley,
   author = {{Shapley}, H. and {Ames}, A.},
    title = "{A survey of the external galxies brighter than the thirteenth magnitude}",
  journal = {Annals of Harvard College Observatory},
     year = 1932,
   volume = 88,
    pages = {41-76},
   adsurl = {http://adsabs.harvard.edu/abs/1932AnHar..88...41S},
  adsnote = {Provided by the SAO/NASA Astrophysics Data System}
}


@BOOK{sandage,
   author = {{Sandage}, A. and {Tammann}, G.~A.},
    title = "{A revised Shapley-Ames Catalog of bright galaxies}",
 keywords = {CATALOGS, BRIGHT GALAXIES},
booktitle = {Washington: Carnegie Institution, 1980, Preliminary version},
     year = 1980,
   adsurl = {http://adsabs.harvard.edu/abs/1980rsac.book.....S},
  adsnote = {Provided by the SAO/NASA Astrophysics Data System}
}

@BOOK{deVaucouleurs76,
   author = {{de Vaucouleurs}, G. and {de Vaucouleurs}, A. and {Corwin}, Jr., H.~G.
	},
    title = "{Second reference catalogue of bright galaxies. Containing information on 4,364 galaxies with references to papers published between 1964 and 1975.}",
booktitle = {Second reference catalogue of bright galaxies.~Containing information on 4,364 galaxies with references to papers published between 1964 and 1975., by de Vaucouleurs, G.; de Vaucouleurs, A.; Corwin, H.~G., Jr..~ Austin, TX (USA): University of Texas Press, 6 + 396 p.},
     year = 1976,
   adsurl = {http://adsabs.harvard.edu/abs/1976srcb.book.....D},
  adsnote = {Provided by the SAO/NASA Astrophysics Data System}
}

@BOOK{deVaucouleurs64,
   author = {{de Vaucouleurs}, G.~H. and {de Vaucouleurs}, A. and {Shapley}, H.
	},
    title = "{Reference catalogue of bright galaxies}",
 keywords = {CATALOGS, BRIGHT GALAXIES},
booktitle = {University of Texas Monographs in Astronomy, Austin: University of Texas Press, |c1964},
     year = 1964,
   adsurl = {http://adsabs.harvard.edu/abs/1964rcbg.book.....D},
  adsnote = {Provided by the SAO/NASA Astrophysics Data System}
}

@ARTICLE{deVaucouleurs95,
   author = {{de Vaucouleurs}, G. and {de Vaucouleurs}, A. and {Corwin}, H.~G. and 
	{Buta}, R.~J. and {Paturel}, G. and {Fouque}, P.},
    title = "{Third Reference Cat. of Bright Galaxies (RC3) (de Vaucouleurs+ 1991)}",
  journal = {VizieR Online Data Catalog},
 keywords = {Galaxy catalogs},
     year = 1995,
    month = feb,
   volume = 7155,
    pages = {0},
   adsurl = {http://adsabs.harvard.edu/abs/1995yCat.7155....0D},
  adsnote = {Provided by the SAO/NASA Astrophysics Data System}
}

@ARTICLE{CfA,
   author = {{Huchra}, J. and {Davis}, M. and {Latham}, D. and {Tonry}, J.
	},
    title = "{A survey of galaxy redshifts. IV - The data}",
  journal = {\apjs},
 keywords = {ASTRONOMICAL CATALOGS, GALACTIC ROTATION, RADIAL VELOCITY, RED SHIFT, ASTRONOMICAL SPECTROSCOPY, LUMINOSITY},
     year = 1983,
    month = jun,
   volume = 52,
    pages = {89-119},
      doi = {10.1086/190860},
   adsurl = {http://adsabs.harvard.edu/abs/1983ApJS...52...89H},
  adsnote = {Provided by the SAO/NASA Astrophysics Data System}
}

@INPROCEEDINGS{marzke,
   author = {{Marzke}, R. and {McCarthy}, P.~J. and {Persson}, E. and {Oemler}, A. and 
	{Dressler}, A. and {Yan}, M.~B.~L. and {Carlberg}, R. and {Abraham}, R. and 
	{Ellis}, R. and {Firth}, A. and {Mackay}, C. and {McMahon}, R.~G.
	},
    title = "{The Las Campanas Infrared Survey}",
booktitle = {Photometric Redshifts and the Detection of High Redshift Galaxies},
     year = 1999,
   series = {Astronomical Society of the Pacific Conference Series},
   volume = 191,
   editor = {{Weymann}, R. and {Storrie-Lombardi}, L. and {Sawicki}, M. and 
	{Brunner}, R.},
    pages = {148},
   adsurl = {http://adsabs.harvard.edu/abs/1999ASPC..191..148M},
  adsnote = {Provided by the SAO/NASA Astrophysics Data System}
}

@ARTICLE{Shectman,
   author = {{Shectman}, S.~A. and {Landy}, S.~D. and {Oemler}, A. and {Tucker}, D.~L. and 
	{Lin}, H. and {Kirshner}, R.~P. and {Schechter}, P.~L.},
    title = "{The Las Campanas Redshift Survey}",
  journal = {\apj},
   eprint = {arXiv:astro-ph/9604167},
 keywords = {COSMOLOGY: OBSERVATIONS, GALAXIES: CLUSTERS: GENERAL, GALAXIES: DISTANCES AND REDSHIFTS, SURVEYS},
     year = 1996,
    month = oct,
   volume = 470,
    pages = {172},
      doi = {10.1086/177858},
   adsurl = {http://adsabs.harvard.edu/abs/1996ApJ...470..172S},
  adsnote = {Provided by the SAO/NASA Astrophysics Data System}
}

@ARTICLE{trac,
   author = {{Trac}, H. and {Mitsouras}, D. and {Hickson}, P. and {Brandenberger}, R.
	},
    title = "{Topology of the Las Campanas Redshift Survey}",
  journal = {\mnras},
   eprint = {arXiv:astro-ph/0007125},
 keywords = {METHODS: STATISTICAL, COSMOLOGY: THEORY, LARGE-SCALE STRUCTURE OF UNIVERSE, methods: statistical; cosmology: theory; large-scale structure of Universe},
     year = 2002,
    month = mar,
   volume = 330,
    pages = {531-539},
      doi = {10.1046/j.1365-8711.2002.05081.x},
   adsurl = {http://adsabs.harvard.edu/abs/2002MNRAS.330..531T},
  adsnote = {Provided by the SAO/NASA Astrophysics Data System}
}

@ARTICLE{2df,
   author = {{Colless}, M. and {Boyle}, B.},
    title = "{Redshift Surveys with 2DF}",
  journal = {Highlights of Astronomy},
   eprint = {arXiv:astro-ph/9710268},
     year = 1998,
   volume = 11,
    pages = {473},
   adsurl = {http://adsabs.harvard.edu/abs/1998HiA....11..473C},
  adsnote = {Provided by the SAO/NASA Astrophysics Data System}
}

@ARTICLE{diaz,
   author = {{D{\'{\i}}az}, E. and {Zandivarez}, A. and {Merch{\'a}n}, M.~E. and 
	{Muriel}, H.},
    title = "{Two Degree Field Galaxy Redshift Survey and Sloan Digital Sky Survey Galaxy Group Density Profiles}",
  journal = {\apj},
   eprint = {arXiv:astro-ph/0504457},
 keywords = {Galaxies: Clusters: General, Galaxies: Statistics, Methods: Data Analysis, Methods: n-Body Simulations},
     year = 2005,
    month = aug,
   volume = 629,
    pages = {158-171},
      doi = {10.1086/431234},
   adsurl = {http://adsabs.harvard.edu/abs/2005ApJ...629..158D},
  adsnote = {Provided by the SAO/NASA Astrophysics Data System}
}


@ARTICLE{husemann12,
   author = {{Husemann}, B. and {Jahnke}, K. and {S\'anchez}, S.~F. and 
	{Barrado}, D. and {Bekeraite}, S. and {Bomans}, D.~J. and {Castillo-Morales}, A. and {Catal{\'a}n-Torrecilla}, C. and {Cid Fernandes}, R. and {Falc\'on-Barroso}, J. and {Garc\'ia-Benito}, R. and {Gonz\'alez Delgado}, R.M.},
    title = "{CALIFA, the Calar Alto Legacy Integral Field Area survey. II. First public data release}",
  journal = {\aap},
archivePrefix = "arXiv",
   eprint = {1210.8150},
 primaryClass = "astro-ph.CO",
 keywords = {techniques: spectroscopic, Galaxy: general, surveys},
     year = 2013,
    month = jan,
   volume = 549,
      eid = {A87},
    pages = {A87},
      doi = {10.1051/0004-6361/201220582},
   adsurl = {http://adsabs.harvard.edu/abs/2013A%26A...549A..87H},
  adsnote = {Provided by the SAO/NASA Astrophysics Data System}
}


@ARTICLE{cotini,
   author = {{Cotini}, S. and {Ripamonti}, E. and {Caccianiga}, A. and {Colpi}, M. and 
	{Della Ceca}, R. and {Mapelli}, M. and {Severgnini}, P. and 
	{Segreto}, A.},
    title = "{The merger fraction of active and inactive galaxies in the local Universe through an improved non-parametric classification}",
  journal = {\mnras},
archivePrefix = "arXiv",
   eprint = {1303.0036},
 primaryClass = "astro-ph.GA",
 keywords = {galaxies: active, galaxies: interactions},
     year = 2013,
    month = mar,
      doi = {10.1093/mnras/stt358},
   adsurl = {http://adsabs.harvard.edu/abs/2013MNRAS.tmp.1021C},
  adsnote = {Provided by the SAO/NASA Astrophysics Data System}
}

@PHDTHESIS{abiliotese,
   author = {{Mateus Jr.}, Ab\'ilio.},
    title = "{An\'alise Semi-Emp\'irica de Espectros de Gal\'axias}",
   school = {S\~{a}o Paulo: Universidade de S\~ao Paulo},
     year = 2006,
%   adsurl = {http://blablablabla},
  adsnote = {Provided by ....},
  pages = {1000 p.}
}

@ARTICLE{goto02,
   author = {{Goto}, T. and {Okamura}, S. and {McKay}, T.~A. and {Bahcall}, N.~A. and 
	{Annis}, J. and {Bernard}, M. and {Brinkmann}, J. and {G{\'o}mez}, P.~L. and 
	{Hansen}, S. and {Kim}, R.~S.~J. and {Sekiguchi}, M. and {Sheth}, R.~K.
	},
    title = "{Composite Luminosity Functions Based on the Sloan Digital Sky Survey ``Cut and Enhance'' Galaxy Cluster Catalog}",
  journal = {\pasj},
   eprint = {arXiv:astro-ph/0205413},
 keywords = {galaxies: clusters: general, galaxies: fundamental parameters, galaxies: luminosity function, mass function},
     year = 2002,
    month = aug,
   volume = 54,
    pages = {515-525},
   adsurl = {http://adsabs.harvard.edu/abs/2002PASJ...54..515G},
  adsnote = {Provided by the SAO/NASA Astrophysics Data System}
}

@ARTICLE{morgan,
   author = {{Morgan}, W.~W.},
    title = "{A Preliminary Classification of the Forms of Galaxies According to Their Stellar Population}",
  journal = {\pasp},
     year = 1958,
    month = aug,
   volume = 70,
    pages = {364},
      doi = {10.1086/127243},
   adsurl = {http://adsabs.harvard.edu/abs/1958PASP...70..364M},
  adsnote = {Provided by the SAO/NASA Astrophysics Data System}
}

@ARTICLE{strateva01,
   author = {{Strateva}, I. and {Ivezi{\'c}}, {\v Z}. and {Knapp}, G.~R. and 
	{Narayanan}, V.~K. and {Strauss}, M.~A. and {Gunn}, J.~E. and 
	{Lupton}, R.~H. and {Schlegel}, D. and {Bahcall}, N.~A. and 
	{Brinkmann}, J. and {Brunner}, R.~J. and {Budav{\'a}ri}, T. },
    title = "{Color Separation of Galaxy Types in the Sloan Digital Sky Survey Imaging Data}",
  journal = {\aj},
   eprint = {arXiv:astro-ph/0107201},
 keywords = {Galaxies: Fundamental Parameters},
     year = 2001,
    month = oct,
   volume = 122,
    pages = {1861-1874},
      doi = {10.1086/323301},
   adsurl = {http://adsabs.harvard.edu/abs/2001AJ....122.1861S},
  adsnote = {Provided by the SAO/NASA Astrophysics Data System}
}

@ARTICLE{hikage,
   author = {{Hikage}, C. and {Schmalzing}, J. and {Buchert}, T. and {Suto}, Y. and 
	{Kayo}, I. and {Taruya}, A. and {Vogeley}, M.~S. and {Hoyle}, F. and 
	{Gott}, III, J.~R. and {Brinkmann}, J.},
    title = "{Minkowski Functionals of SDSS Galaxies I : Analysis of Excursion Sets}",
  journal = {\pasj},
   eprint = {arXiv:astro-ph/0304455},
 keywords = {cosmology: large-scale structure of universe, cosmology: observations, methods: statistical},
     year = 2003,
    month = oct,
   volume = 55,
    pages = {911-931},
   adsurl = {http://adsabs.harvard.edu/abs/2003PASJ...55..911H},
  adsnote = {Provided by the SAO/NASA Astrophysics Data System}
}

@ARTICLE{costa-duarte,
   author = {{Costa-Duarte}, M.~V. and {Sodr{\'e}}, Jr., L. and {Durret}, F.
	},
    title = "{Morphological properties of superclusters of galaxies}",
  journal = {\mnras},
archivePrefix = "arXiv",
   eprint = {1010.0981},
 primaryClass = "astro-ph.CO",
 keywords = {cosmology: large-scale structure of Universe, galaxies: clusters: general, methods: data analysis},
     year = 2011,
    month = mar,
   volume = 411,
    pages = {1716-1726},
      doi = {10.1111/j.1365-2966.2010.17803.x},
   adsurl = {http://adsabs.harvard.edu/abs/2011MNRAS.411.1716C},
  adsnote = {Provided by the SAO/NASA Astrophysics Data System}
}

@ARTICLE{tinsley76,
   author = {{Tinsley}, B.~M. and {Gunn}, J.~E.},
    title = "{Evolutionary synthesis of the stellar population in elliptical galaxies. I - Ingredients, broad-band colors, and infrared features}",
  journal = {\apj},
 keywords = {ASTRONOMICAL PHOTOMETRY, COSMOLOGY, ELLIPTICAL GALAXIES, GALACTIC EVOLUTION, INFRARED ASTRONOMY, STAR DISTRIBUTION, ASTRONOMICAL MODELS, BROADBAND, DWARF STARS, GIANT STARS, MAIN SEQUENCE STARS, STELLAR EVOLUTION, STELLAR SPECTRA, TABLES (DATA)},
     year = 1976,
    month = jan,
   volume = 203,
    pages = {52-62},
      doi = {10.1086/154046},
   adsurl = {http://adsabs.harvard.edu/abs/1976ApJ...203...52T},
  adsnote = {Provided by the SAO/NASA Astrophysics Data System}
}

@ARTICLE{tinsley80,
   author = {{Tinsley}, B.~M.},
    title = "{Evolution of the Stars and Gas in Galaxies}",
  journal = {\fcp},
     year = 1980,
   volume = 5,
    pages = {287-388},
   adsurl = {http://adsabs.harvard.edu/abs/1980FCPh....5..287T},
  adsnote = {Provided by the SAO/NASA Astrophysics Data System}
}


@INPROCEEDINGS{2012SPIE.8450E..3SM,
   author = {{Mar{\'{\i}}n-Franch}, A. and {Chueca}, S. and {Moles}, M. and 
	{Benitez}, N. and {Taylor}, K. and {Cepa}, J. and {Cenarro}, A.~J. and 
	{Cristobal-Hornillos}, D. and {Ederoclite}, A. and {Gruel}, N. and 
	{Hern{\'a}ndez-Fuertes}, J. and {L{\'o}pez-Sainz}, A. and {Luis-Simoes}, R. and 
	{Rueda-Teruel}, F. and {Rueda-Teruel}, S. and {Varela}, J. and 
	{Yanes-D{\'{\i}}az}, A. and {Brauneck}, U. and {Danielou}, A. and 
	{Dupke}, R. and {Fern{\'a}ndez-Soto}, A. and {Mendes de Oliveira}, C. and 
	{Sodr{\'e}}, L.},
    title = "{Design of the J-PAS and J-PLUS filter systems}",
booktitle = {Society of Photo-Optical Instrumentation Engineers (SPIE) Conference Series},
     year = 2012,
   series = {Society of Photo-Optical Instrumentation Engineers (SPIE) Conference Series},
   volume = 8450,
    month = sep,
      eid = {84503S},
      doi = {10.1117/12.925430},
   adsurl = {http://adsabs.harvard.edu/abs/2012SPIE.8450E..3SM},
  adsnote = {Provided by the SAO/NASA Astrophysics Data System}
}

@INPROCEEDINGS{marin,
  author = {{Mar{\'{\i}}n-Franch}, A. and {Chueca}, S. and {Moles}, M. and 
	{Benitez}, N. and {Taylor}, K. and {Cepa}, J. and {Cenarro}, A.~J. and 
	{Cristobal-Hornillos}, D. and {Ederoclite}, A. and {Gruel}, N. and 
	{Hern{\'a}ndez-Fuertes}, J. and {L{\'o}pez-Sainz}, A. and {Luis-Simoes}, R.},
  title = "{Design of the J-PAS and J-PLUS filter systems}",
  booktitle = {Society of Photo-Optical Instrumentation Engineers (SPIE) Conference Series},
  year = 2012,
  series = {Society of Photo-Optical Instrumentation Engineers (SPIE) Conference Series},
  volume = 8450,
  month = sep,
  eid = {84503S},
  doi = {10.1117/12.925430},
  adsurl = {http://adsabs.harvard.edu/abs/2012SPIE.8450E..3SM},
  adsnote = {Provided by the SAO/NASA Astrophysics Data System}
}

@ARTICLE{pcastelar,
   author = {{Mu{\~n}oz Bermejo}, J. and {Asensio Ramos}, A. and {Allende Prieto}, C.
	},
    title = "{A PCA approach to stellar effective temperatures}",
  journal = {ArXiv e-prints},
archivePrefix = "arXiv",
   eprint = {1303.7218},
 primaryClass = "astro-ph.SR",
 keywords = {Astrophysics - Solar and Stellar Astrophysics, Astrophysics - Instrumentation and Methods for Astrophysics},
     year = 2013,
    month = mar,
   adsurl = {http://adsabs.harvard.edu/abs/2013arXiv1303.7218M},
  adsnote = {Provided by the SAO/NASA Astrophysics Data System}
}

@ARTICLE{laralopez13,
   author = {{Lara-L{\'o}pez}, M.~A. and {L{\'o}pez-S{\'a}nchez}, {\'A}.~R. and 
	{Hopkins}, A.~M.},
    title = "{On the Three-dimensional Structure of the Mass, Metallicity, and Star Formation Rate Space for Star-forming Galaxies}",
  journal = {\apj},
archivePrefix = "arXiv",
   eprint = {1207.0950},
 primaryClass = "astro-ph.CO",
 keywords = {galaxies: abundances, galaxies: evolution, galaxies: fundamental parameters, galaxies: star formation },
     year = 2013,
    month = feb,
   volume = 764,
      eid = {178},
    pages = {178},
      doi = {10.1088/0004-637X/764/2/178},
   adsurl = {http://adsabs.harvard.edu/abs/2013ApJ...764..178L},
  adsnote = {Provided by the SAO/NASA Astrophysics Data System}
}

@ARTICLE{carruba,
   author = {{Carruba}, V.},
    title = "{An analysis of the Hygiea asteroid family orbital region}",
  journal = {\mnras},
 keywords = {celestial mechanics, minor planets, asteroids: general, minor planets, asteroids: individual: Hygiea},
     year = 2013,
    month = apr,
      doi = {10.1093/mnras/stt437},
   adsurl = {http://adsabs.harvard.edu/abs/2013MNRAS.tmp.1078C},
  adsnote = {Provided by the SAO/NASA Astrophysics Data System}
}
@ARTICLE{2013MNRAS.tmp.1075H,
   author = {{Harnois-D{\'e}raps}, J. and {Pen}, U.-L.},
    title = "{Non-Gaussian error bars in galaxy surveys - II}",
  journal = {\mnras},
archivePrefix = "arXiv",
   eprint = {1211.6213},
 primaryClass = "astro-ph.CO",
 keywords = {methods: data analysis, cosmology: observations, dark matter, distance scale, large-scale structure of Universe},
     year = 2013,
    month = apr,
      doi = {10.1093/mnras/stt413},
   adsurl = {http://adsabs.harvard.edu/abs/2013MNRAS.tmp.1075H},
  adsnote = {Provided by the SAO/NASA Astrophysics Data System}
}
@ARTICLE{zhao,
   author = {{Zhao}, G.-B. and {Pogosian}, L. and {Silvestri}, A. and {Zylberberg}, J.
	},
    title = "{Cosmological Tests of General Relativity with Future Tomographic Surveys}",
  journal = {Physical Review Letters},
archivePrefix = "arXiv",
   eprint = {0905.1326},
 primaryClass = "astro-ph.CO",
 keywords = {Gravitational lenses and luminous arcs, Experimental tests of gravitational theories, Astronomical catalogs, atlases, sky surveys, databases, retrieval systems, archives, etc., Cosmology},
     year = 2009,
    month = dec,
   volume = 103,
   number = 24,
      eid = {241301},
    pages = {241301},
      doi = {10.1103/PhysRevLett.103.241301},
   adsurl = {http://adsabs.harvard.edu/abs/2009PhRvL.103x1301Z},
  adsnote = {Provided by the SAO/NASA Astrophysics Data System}
}
@ARTICLE{andreon,
   author = {{Andreon}, S. and {Gargiulo}, G. and {Longo}, G. and {Tagliaferri}, R. and 
	{Capuano}, N.},
    title = "{Wide field imaging - I. Applications of neural networks to object detection and star/galaxy classification}",
  journal = {\mnras},
   eprint = {arXiv:astro-ph/0006115},
 keywords = {METHODS: DATA ANALYSIS, TECHNIQUES: IMAGE PROCESSING, CATALOGUES},
     year = 2000,
    month = dec,
   volume = 319,
    pages = {700-716},
      doi = {10.1046/j.1365-8711.2000.03700.x},
   adsurl = {http://adsabs.harvard.edu/abs/2000MNRAS.319..700A},
  adsnote = {Provided by the SAO/NASA Astrophysics Data System}
}

@ARTICLE{yip04,
   author = {{Yip}, C.~W. and {Connolly}, A.~J. and {Vanden Berk}, D.~E. and 
	{Ma}, Z. and {Frieman}, J.~A. and {SubbaRao}, M. and {Szalay}, A.~S. and 
	{Richards}, G.~T. and {Hall}, P.~B. and {Schneider}, D.~P. and 
	{Hopkins}, A.~M. and {Trump}, J. and {Brinkmann}, J.},
    title = "{Spectral Classification of Quasars in the Sloan Digital Sky Survey: Eigenspectra, Redshift, and Luminosity Effects}",
  journal = {\aj},
   eprint = {arXiv:astro-ph/0408578},
 keywords = {Methods: Statistical, Galaxies: Quasars: General, Surveys, Techniques: Spectroscopic},
     year = 2004,
    month = dec,
   volume = 128,
    pages = {2603-2630},
      doi = {10.1086/425626},
   adsurl = {http://adsabs.harvard.edu/abs/2004AJ....128.2603Y},
  adsnote = {Provided by the SAO/NASA Astrophysics Data System}
}

@ARTICLE{connolly95,
   author = {{Connolly}, A.~J. and {Szalay}, A.~S. and {Bershady}, M.~A. and 
	{Kinney}, A.~L. and {Calzetti}, D.},
    title = "{Spectral Classification of Galaxies: an Orthogonal Approach}",
  journal = {\aj},
   eprint = {arXiv:astro-ph/9411044},
 keywords = {GALAXIES: FUNDAMENTAL PARAMETERS},
     year = 1995,
    month = sep,
   volume = 110,
    pages = {1071},
      doi = {10.1086/117587},
   adsurl = {http://adsabs.harvard.edu/abs/1995AJ....110.1071C},
  adsnote = {Provided by the SAO/NASA Astrophysics Data System}
}

@ARTICLE{mcgurk,
   author = {{McGurk}, R.~C. and {Kimball}, A.~E. and {Ivezi{\'c}}, {\v Z}.
	},
    title = "{Principal Component Analysis of Sloan Digital Sky Survey Stellar Spectra}",
  journal = {\aj},
archivePrefix = "arXiv",
   eprint = {1001.4340},
 primaryClass = "astro-ph.SR",
 keywords = {methods: data analysis, stars: abundances, stars: fundamental parameters, stars: statistics},
     year = 2010,
    month = mar,
   volume = 139,
    pages = {1261-1268},
      doi = {10.1088/0004-6256/139/3/1261},
   adsurl = {http://adsabs.harvard.edu/abs/2010AJ....139.1261M},
  adsnote = {Provided by the SAO/NASA Astrophysics Data System}
}

@ARTICLE{sodrecuervas,
   author = {{Sodr\'e}, L. and {Cuevas}, H.},
    title = "{Global regularities in integrated galaxy spectra}",
  journal = {\mnras},
   eprint = {arXiv:astro-ph/9612161},
 keywords = {METHODS: STATISTICAL, GALAXIES: EVOLUTION, GALAXIES: FUNDAMENTAL PARAMETERS, GALAXIES: STATISTICS},
     year = 1997,
    month = may,
   volume = 287,
    pages = {137-147},
   adsurl = {http://adsabs.harvard.edu/abs/1997MNRAS.287..137S},
  adsnote = {Provided by the SAO/NASA Astrophysics Data System}
}

@ARTICLE{spinrad72,
   author = {{Spinrad}, H. and {Taylor}, B.~J.},
    title = "{The Stellar Content of the Nuclei of Nearby Galaxies. II. a Note on NGC 4594}",
  journal = {\apj},
     year = 1972,
    month = jan,
   volume = 171,
    pages = {397},
      doi = {10.1086/151291},
   adsurl = {http://adsabs.harvard.edu/abs/1972ApJ...171..397S},
  adsnote = {Provided by the SAO/NASA Astrophysics Data System}
}

@ARTICLE{bruzualecharlot2003,
   author = {{Bruzual}, G. and {Charlot}, S.},
    title = "{Stellar population synthesis at the resolution of 2003}",
  journal = {\mnras},
   eprint = {arXiv:astro-ph/0309134},
 keywords = {stars: evolution, galaxies: evolution, galaxies: formation, galaxies: stellar content},
     year = 2003,
    month = oct,
   volume = 344,
    pages = {1000-1028},
      doi = {10.1046/j.1365-8711.2003.06897.x},
   adsurl = {http://adsabs.harvard.edu/abs/2003MNRAS.344.1000B},
  adsnote = {Provided by the SAO/NASA Astrophysics Data System}
}

@ARTICLE{leitherer99,
   author = {{Leitherer}, C. and {Schaerer}, D. and {Goldader}, J.~D. and 
	{Gonz{\'a}lez Delgado}, R.~M. and {Robert}, C. and {Kune}, D.~F. and 
	{de Mello}, D.~F. and {Devost}, D. and {Heckman}, T.~M.},
    title = "{Starburst99: Synthesis Models for Galaxies with Active Star Formation}",
  journal = {\apjs},
   eprint = {arXiv:astro-ph/9902334},
 keywords = {GALAXIES: EVOLUTION, GALAXIES: FUNDAMENTAL PARAMETERS, GALAXIES: STARBURST, GALAXIES: STELLAR CONTENT, METHODS: NUMERICAL},
     year = 1999,
    month = jul,
   volume = 123,
    pages = {3-40},
      doi = {10.1086/313233},
   adsurl = {http://adsabs.harvard.edu/abs/1999ApJS..123....3L},
  adsnote = {Provided by the SAO/NASA Astrophysics Data System}
}

@ARTICLE{starlightI,
   author = {{Cid Fernandes}, R. and {Mateus}, A. and {Sodr{\'e}}, L. and 
	{Stasi{\'n}ska}, G. and {Gomes}, J.~M.},
    title = "{Semi-empirical analysis of Sloan Digital Sky Survey galaxies - I. Spectral synthesis method}",
  journal = {\mnras},
   eprint = {arXiv:astro-ph/0412481},
 keywords = {galaxies: evolution, galaxies: fundamental parameters, galaxies: statistics, galaxies: stellar content},
     year = 2005,
    month = apr,
   volume = 358,
    pages = {363-378},
      doi = {10.1111/j.1365-2966.2005.08752.x},
   adsurl = {http://adsabs.harvard.edu/abs/2005MNRAS.358..363C},
  adsnote = {Provided by the SAO/NASA Astrophysics Data System}
}

@ARTICLE{morgan56,
   author = {{Morgan}, W.~W.},
    title = "{The Integrated Spectral Types of Globular Clusters}",
  journal = {\pasp},
     year = 1956,
    month = dec,
   volume = 68,
    pages = {509},
      doi = {10.1086/126988},
   adsurl = {http://adsabs.harvard.edu/abs/1956PASP...68..509M},
  adsnote = {Provided by the SAO/NASA Astrophysics Data System}
}

@ARTICLE{Wood66,
   author = {{Wood}, D.~B.},
    title = "{Multicolor Photoelectric Photometry of Galaxies}",
  journal = {\apj},
     year = 1966,
    month = jul,
   volume = 145,
    pages = {36},
      doi = {10.1086/148737},
   adsurl = {http://adsabs.harvard.edu/abs/1966ApJ...145...36W},
  adsnote = {Provided by the SAO/NASA Astrophysics Data System}
}


@ARTICLE{faber72,
   author = {{Faber}, S.~M.},
    title = "{Quadratic programming applied to the problem of galaxy population synthesis.}",
  journal = {\aap},
     year = 1972,
    month = sep,
   volume = 20,
    pages = {361-374},
   adsurl = {http://adsabs.harvard.edu/abs/1972A%26A....20..361F},
  adsnote = {Provided by the SAO/NASA Astrophysics Data System}
}

@Article{pearson,
author = {{Pearson}, Karl.},
title = { On lines and planes of closest fit to systems of points in space},
journal = {Philosophical Magazine},
year = {1901},
OPTkey = {•},
OPTvolume = {2},
OPTnumber = {11},
OPTpages = {559-572}
}

@Article{hotelling,
author = {{Hotelling}, H.},
title = {Analysis of a Complex of Statistical Variables Into Principal Components},
journal = {Journal of Educational Psychology},
year = {1933},
OPTkey = {•},
OPTvolume = {24},
OPTnumber = {•},
OPTpages = {417-441 and 498-520},
OPTmonth = {•},
OPTnote = {•},
OPTannote = {•}
}

@ARTICLE{hubble26,
   author = {{Hubble}, E.~P.},
    title = "{Extragalactic nebulae.}",
  journal = {\apj},
     year = 1926,
    month = dec,
   volume = 64,
    pages = {321-369},
      doi = {10.1086/143018},
   adsurl = {http://adsabs.harvard.edu/abs/1926ApJ....64..321H},
  adsnote = {Provided by the SAO/NASA Astrophysics Data System}
}

@ARTICLE{hubble22,
   author = {{Hubble}, E.~P.},
    title = "{A general study of diffuse galactic nebulae.}",
  journal = {\apj},
     year = 1922,
    month = oct,
   volume = 56,
    pages = {162-199},
      doi = {10.1086/142698},
   adsurl = {http://adsabs.harvard.edu/abs/1922ApJ....56..162H},
  adsnote = {Provided by the SAO/NASA Astrophysics Data System}
}

@ARTICLE{hubble20,
   author = {{Hubble}, E.~P.},
    title = "{Photographic investigations of faint nebulae}",
  journal = {Publications of the Yerkes Observatory},
     year = 1920,
   volume = 4,
    pages = {2},
   adsurl = {http://adsabs.harvard.edu/abs/1920PYerO...4....2H},
  adsnote = {Provided by the SAO/NASA Astrophysics Data System}
}

@ARTICLE{hubble29,
   author = {{Hubble}, E.},
    title = "{A Relation between Distance and Radial Velocity among Extra-Galactic Nebulae}",
  journal = {Proceedings of the National Academy of Science},
     year = 1929,
    month = mar,
   volume = 15,
    pages = {168-173},
      doi = {10.1073/pnas.15.3.168},
   adsurl = {http://adsabs.harvard.edu/abs/1929PNAS...15..168H},
  adsnote = {Provided by the SAO/NASA Astrophysics Data System}
}

@ARTICLE{larson_tinsley,
   author = {{Larson}, R.~B. and {Tinsley}, B.~M.},
    title = "{Photometric Properties of Model Spherical Galaxies}",
  journal = {\apj},
     year = 1974,
    month = sep,
   volume = 192,
    pages = {293-310},
      doi = {10.1086/153059},
   adsurl = {http://adsabs.harvard.edu/abs/1974ApJ...192..293L},
  adsnote = {Provided by the SAO/NASA Astrophysics Data System}
}

@ARTICLE{arimoto,
   author = {{Arimoto}, N. and {Yoshii}, Y.},
    title = "{Chemical and photometric properties of a galactic wind model for elliptical galaxies}",
  journal = {\aap},
 keywords = {ASTRONOMICAL MODELS, ASTRONOMICAL PHOTOMETRY, COSMOCHEMISTRY, ELLIPTICAL GALAXIES, GALACTIC EVOLUTION, STELLAR WINDS, CHEMICAL EVOLUTION, COLOR-MAGNITUDE DIAGRAM, HORIZONTAL BRANCH STARS, STAR FORMATION},
     year = 1987,
    month = feb,
   volume = 173,
    pages = {23-38},
   adsurl = {http://adsabs.harvard.edu/abs/1987A%26A...173...23A},
  adsnote = {Provided by the SAO/NASA Astrophysics Data System}
}

@ARTICLE{madau,
   author = {{Madau}, P. and {Pozzetti}, L. and {Dickinson}, M.},
    title = "{The Star Formation History of Field Galaxies}",
  journal = {\apj},
   eprint = {arXiv:astro-ph/9708220},
 keywords = {GALAXIES: EVOLUTION, GALAXIES: PHOTOMETRY, COSMOLOGY: THEORY, GALAXIES: STELLAR CONTENT},
     year = 1998,
    month = may,
   volume = 498,
    pages = {106},
      doi = {10.1086/305523},
   adsurl = {http://adsabs.harvard.edu/abs/1998ApJ...498..106M},
  adsnote = {Provided by the SAO/NASA Astrophysics Data System}
}

@ARTICLE{folkes96,
   author = {{Folkes}, S.~R. and {Lahav}, O. and {Maddox}, S.~J.},
    title = "{An artificial neural network approach to the classification of galaxy spectra.}",
  journal = {\mnras},
   eprint = {arXiv:astro-ph/9608073},
 keywords = {methods: data analysis -- galaxies: fundamental parameters -- cosmology: miscellaneous, Galaxies: Spectral Classification},
     year = 1996,
    month = dec,
   volume = 283,
    pages = {651-665},
   adsurl = {http://adsabs.harvard.edu/abs/1996MNRAS.283..651F},
  adsnote = {Provided by the SAO/NASA Astrophysics Data System}
}

@ARTICLE{sodrestasinska99,
   author = {{Sodr{\'e}}, Jr., L. and {Stasi{\'n}ska}, G.},
    title = "{The emission line sequence of normal spiral galaxies}",
  journal = {\aap},
   eprint = {arXiv:astro-ph/9903130},
 keywords = {METHODS: STATISTICAL, GALAXIES: FUNDAMENTAL PARAMETERS, GALAXIES: ISM, GALAXIES: ACTIVE, GALAXIES: SPIRAL},
     year = 1999,
    month = may,
   volume = 345,
    pages = {391-402},
   adsurl = {http://adsabs.harvard.edu/abs/1999A%26A...345..391S},
  adsnote = {Provided by the SAO/NASA Astrophysics Data System}
}

@INPROCEEDINGS{ned,
   author = {{Helou}, G. and {Madore}, B.~F. and {Schmitz}, M. and {Wu}, X. and 
	{Corwin}, Jr., H.~G. and {Lague}, C. and {Bennett}, J. and {Sun}, H.
	},
    title = "{The NASA/IPAC Extragalactic Database.}",
 keywords = {Data Bases: Extragalactic Objects},
booktitle = {Information On-Line Data in Astronomy},
     year = 1995,
   series = {Astrophysics and Space Science Library},
   volume = 203,
   editor = {{Egret}, D. and {Albrecht}, M.~A.},
    pages = {95-113},
   adsurl = {http://adsabs.harvard.edu/abs/1995ASSL..203...95H},
  adsnote = {Provided by the SAO/NASA Astrophysics Data System}
}

@Book{murtagh,
author = { {Murtagh}, Fionn and {Heck}, Andre},
ALTeditor = {},
title = {Multivariate Data Analysis},
publisher = {Springer},
year = {1987},
OPTkey = {•},
OPTvolume = {•},
OPTnumber = {•},
OPTseries = {•},
OPTaddress = {•},
edition = {2},
OPTmonth = {•},
OPTnote = {•},
OPTannote = {•}
}

@Article{fm_osteoporose,
author = {{Roque}, Waldir L. and {Souza}, Antonio Carlos A. and {Barbieri}, Denis X.},
title = {Caracter\'istica de Euler-Poincar\'e aplicada para identificar baixa densidade \'ossea a partir de imagens tomogr\'aficas de v\'ertebras},
journal = {Revista Brasileira de Reumatologia},
year = {2009},
OPTkey = {•},
volume = {49},
number = {2},
OPTpages = {•},
month = {Mar./Apr.},
OPTnote = {•},
OPTannote = {•}
}

@ARTICLE{marino,
   author = {{Marino}, R.~A. and {Gil de Paz}, A. and {S{\'a}nchez}, S.~F. and 
	{Castillo-Morales}, A. and {CALIFA Team}},
    title = "{Studying nearby disk galaxies with the CALIFA survey.}",
  journal = {Memorie della Societa Astronomica Italiana Supplementi},
 keywords = {Survey, galaxies: abundances, galaxies: kinematics and dynamics, galaxies: star cluster, galaxies: individual (NGC 5668), techniques: spectroscopy, techniques: survey},
     year = 2012,
   volume = 19,
    pages = {290},
   adsurl = {http://adsabs.harvard.edu/abs/2012MSAIS..19..290M},
  adsnote = {Provided by the SAO/NASA Astrophysics Data System}
}


@ARTICLE{2013ApJ...764L...1P,
   author = {{P\'erez}, E. and {Cid Fernandes}, R. and {Gonz\'alez Delgado}, R.~M. and 
	{Garc\'ia-Benito}, R. and {S{\'a}nchez}, S.~F. and {Husemann}, B. and 
	{Mast}, D. and {Rod{\'o}n}, J.~R. and {Kupko}, D. and {Backsmann}, N. and 
	{de Amorim}, A.~L. and {van de Ven}, G. and {Walcher}, J.},
    title = "{The Evolution of Galaxies Resolved in Space and Time: A View of Inside-out Growth from the CALIFA Survey}",
  journal = {\apjl},
archivePrefix = "arXiv",
   eprint = {1301.1679},
 primaryClass = "astro-ph.CO",
 keywords = {galaxies: bulges, galaxies: evolution, galaxies: fundamental parameters, galaxies: stellar content, galaxies: structure},
     year = 2013,
    month = feb,
   volume = 764,
      eid = {L1},
    pages = {L1},
      doi = {10.1088/2041-8205/764/1/L1},
   adsurl = {http://adsabs.harvard.edu/abs/2013ApJ...764L...1P},
  adsnote = {Provided by the SAO/NASA Astrophysics Data System}
}

@ARTICLE{rosa,
   author = {{Gonz\'alez Delgado}, R. and {P\'erez}, E. and {Cid Fernandes}, R. and 
	{Garc\'ia-Benito}, R. and {de Amorim}, A.~L. and {S\'anchez}, S.~F. and 
	{Husemann}, B. and {L\'opez Fern\'andez}, R. and {Cortijo-Ferrero}},
    title = "{CALIFA survey: The spatially resolved star formation history of massive galaxies}",
  journal = {ArXiv e-prints},
archivePrefix = "arXiv",
   eprint = {1301.1685},
 primaryClass = "astro-ph.CO",
 keywords = {Astrophysics - Cosmology and Extragalactic Astrophysics},
     year = 2013,
    month = jan,
   adsurl = {http://adsabs.harvard.edu/abs/2013arXiv1301.1685G},
  adsnote = {Provided by the SAO/NASA Astrophysics Data System}
}

@INPROCEEDINGS{2013hsa7.conf..218G,
   author = {{Garc\'ia Benito}, R. and {P\'erez Jim\'enez}, E. and 
	{Gonz\'alez Delgado}, R., R.~C.~F. and {S\'anchez}, S.~F. and 
	{Amorim}, A.~L. and {Califa Collaboration}},
    title = "{The mass growth in galaxies: CALIFA's perspective}",
booktitle = {Highlights of Spanish Astrophysics VII},
     year = 2013,
    month = may,
    pages = {218-223},
   adsurl = {http://adsabs.harvard.edu/abs/2013hsa7.conf..218G},
  adsnote = {Provided by the SAO/NASA Astrophysics Data System}
}

@INPROCEEDINGS{ruiz_lara,
   author = {{Ruiz-Lara}, T. and {Florido}, E. and {P\'erez}, I. and {S\'anchez-Bl\'azquez}, P. and 
	{Falc\'on-Barroso}, J. and {Cacho}, R.},
    title = "{Stellar populations in the outskirts of spiral galaxies using IFU CALIFA data}",
booktitle = {Highlights of Spanish Astrophysics VII},
     year = 2013,
    month = may,
    pages = {367-372},
   adsurl = {http://adsabs.harvard.edu/abs/2013hsa7.conf..367R},
  adsnote = {Provided by the SAO/NASA Astrophysics Data System}
}

@ARTICLE{mass_metal_califa,
   author = {{S\'anchez}, S.~F. and {Rosales-Ortega}, F.~F. and {Jungwiert}, B. and 
	{Iglesias-P\'aramo}, J. and {V\'ilchez}, J.~M. and {Marino}, R.~A. and 
	{Walcher}, C.~J. and {Husemann}, B. and {Mast}, D. and {Monreal-Ibero}, A. and 
	{Cid Fernandes}, R. and {P\'erez}, E. and {Califa Collaboration}},
    title = "{Mass-metallicity relation explored with CALIFA. I. Is there a dependence on the star-formation rate?}",
  journal = {\aap},
archivePrefix = "arXiv",
   eprint = {1304.2158},
 primaryClass = "astro-ph.CO",
 keywords = {abundances, galaxies: ISM, galaxies: fundamental parameters, galaxies: spiral, galaxies: structure, galaxies: evolution},
     year = 2013,
    month = jun,
   volume = 554,
      eid = {A58},
    pages = {A58},
      doi = {10.1051/0004-6361/201220669},
   adsurl = {http://adsabs.harvard.edu/abs/2013A%26A...554A..58S},
  adsnote = {Provided by the SAO/NASA Astrophysics Data System}
}

@ARTICLE{alongi,
   author = {{Alongi}, M. and {Bertelli}, G. and {Bressan}, A. and {Chiosi}, C. and 
	{Fagotto}, F. and {Greggio}, L. and {Nasi}, E.},
    title = "{Evolutionary sequences of stellar models with semiconvection and convective overshoot. I - Z = 0.008}",
  journal = {\aaps},
 keywords = {MASSIVE STARS, STELLAR CONVECTION, STELLAR CORES, STELLAR EVOLUTION, STELLAR MODELS, HERTZSPRUNG-RUSSELL DIAGRAM, NUCLEAR REACTIONS, STELLAR COMPOSITION, STELLAR INTERIORS, STELLAR WINDS},
     year = 1993,
    month = mar,
   volume = 97,
    pages = {851-871},
   adsurl = {http://adsabs.harvard.edu/abs/1993A%26AS...97..851A},
  adsnote = {Provided by the SAO/NASA Astrophysics Data System}
}

@ARTICLE{Girardi,
   author = {{Girardi}, L. and {Bressan}, A. and {Chiosi}, C. and {Bertelli}, G. and 
	{Nasi}, E.},
    title = "{Evolutionary sequences of stellar models with new radiative opacities. VI. Z=0.0001.}",
  journal = {\aaps},
 keywords = {STARS: EVOLUTION, STARS: INTERIORS, STARS: HERTZ-RUSSEL (HR) DIAGRAM, STARS: ABUNDANCES},
     year = 1996,
    month = may,
   volume = 117,
    pages = {113-125},
   adsurl = {http://adsabs.harvard.edu/abs/1996A%26AS..117..113G},
  adsnote = {Provided by the SAO/NASA Astrophysics Data System}
}


@ARTICLE{Chabrier,
   author = {{Chabrier}, G.},
    title = "{Galactic Stellar and Substellar Initial Mass Function}",
  journal = {\pasp},
   eprint = {arXiv:astro-ph/0304382},
 keywords = {Galaxies: Luminosity Function, Mass Function, Invited Reviews},
     year = 2003,
    month = jul,
   volume = 115,
    pages = {763-795},
      doi = {10.1086/376392},
   adsurl = {http://adsabs.harvard.edu/abs/2003PASP..115..763C},
  adsnote = {Provided by the SAO/NASA Astrophysics Data System}
}

@ARTICLE{leBorgne,
   author = {{Le Borgne}, J.-F. and {Bruzual}, G. and {Pell{\'o}}, R. and 
	{Lan{\c c}on}, A. and {Rocca-Volmerange}, B. and {Sanahuja}, B. and 
	{Schaerer}, D. and {Soubiran}, C. and {V{\'{\i}}lchez-G{\'o}mez}, R.
	},
    title = "{STELIB: A library of stellar spectra at R \~{} 2000}",
  journal = {\aap},
   eprint = {arXiv:astro-ph/0302334},
 keywords = {atlases, stars: fundamental parameters, galaxies: stellar content.},
     year = 2003,
    month = may,
   volume = 402,
    pages = {433-442},
      doi = {10.1051/0004-6361:20030243},
   adsurl = {http://adsabs.harvard.edu/abs/2003A%26A...402..433L},
  adsnote = {Provided by the SAO/NASA Astrophysics Data System}
}

@ARTICLE{lin,
   author = {{Lin}, D.~N.~C. and {Pringle}, J.~E.},
    title = "{The formation of the exponential disk in spiral galaxies}",
  journal = {\apjl},
 keywords = {ANGULAR MOMENTUM, DISK GALAXIES, EXPONENTIAL FUNCTIONS, GALACTIC EVOLUTION, SPIRAL GALAXIES, STELLAR EVOLUTION, COMPUTATIONAL ASTROPHYSICS, STELLAR LUMINOSITY},
     year = 1987,
    month = sep,
   volume = 320,
    pages = {L87-L91},
      doi = {10.1086/184981},
   adsurl = {http://adsabs.harvard.edu/abs/1987ApJ...320L..87L},
  adsnote = {Provided by the SAO/NASA Astrophysics Data System}
}

@ARTICLE{naab,
   author = {{Naab}, T. and {Ostriker}, J.~P.},
    title = "{A simple model for the evolution of disc galaxies: the Milky Way}",
  journal = {\mnras},
   eprint = {arXiv:astro-ph/0505594},
 keywords = {methods: analytical, Galaxy: disc, galaxies: evolution, galaxies: formation, galaxies: fundamental parameters},
     year = 2006,
    month = mar,
   volume = 366,
    pages = {899-917},
      doi = {10.1111/j.1365-2966.2005.09807.x},
   adsurl = {http://adsabs.harvard.edu/abs/2006MNRAS.366..899N},
  adsnote = {Provided by the SAO/NASA Astrophysics Data System}
}

@ARTICLE{ferguson,
   author = {{Ferguson}, A.~M.~N. and {Clarke}, C.~J.},
    title = "{The evolution of stellar exponential discs}",
  journal = {\mnras},
   eprint = {arXiv:astro-ph/0103205},
 keywords = {GALAXIES: EVOLUTION, GALAXIES: FORMATION, GALAXIES: FUNDAMENTAL PARAMETERS, GALAXIES: SPIRAL, GALAXIES: STRUCTURE},
     year = 2001,
    month = aug,
   volume = 325,
    pages = {781-791},
      doi = {10.1046/j.1365-8711.2001.04501.x},
   adsurl = {http://adsabs.harvard.edu/abs/2001MNRAS.325..781F},
  adsnote = {Provided by the SAO/NASA Astrophysics Data System}
}

@ARTICLE{huang,
   author = {{Huang}, M.-L. and {Kauffmann}, G. and {Chen}, Y.-M. and {Moran}, S.~M. and 
	{Heckman}, T.~M. and {Dav{\'e}}, R. and {Johansson}, J.},
    title = "{Spatially resolved star formation histories of nearby galaxies: evidence for episodic star formation in discs}",
  journal = {\mnras},
archivePrefix = "arXiv",
   eprint = {1301.5640},
 primaryClass = "astro-ph.CO",
 keywords = {galaxies: evolution, galaxies: formation},
     year = 2013,
    month = may,
   volume = 431,
    pages = {2622-2633},
      doi = {10.1093/mnras/stt370},
   adsurl = {http://adsabs.harvard.edu/abs/2013MNRAS.431.2622H},
  adsnote = {Provided by the SAO/NASA Astrophysics Data System}
}

@ARTICLE{bell,
   author = {{Bell}, E.~F. and {de Jong}, R.~S.},
    title = "{The stellar populations of spiral galaxies}",
  journal = {\mnras},
   eprint = {arXiv:astro-ph/9909402},
 keywords = {GALAXIES: ABUNDANCES, GALAXIES: EVOLUTION, GALAXIES: GENERAL, GALAXIES: SPIRAL, GALAXIES: STELLAR CONTENT, GALAXIES: STRUCTURE},
     year = 2000,
    month = mar,
   volume = 312,
    pages = {497-520},
      doi = {10.1046/j.1365-8711.2000.03138.x},
   adsurl = {http://adsabs.harvard.edu/abs/2000MNRAS.312..497B},
  adsnote = {Provided by the SAO/NASA Astrophysics Data System}
}


@ARTICLE{munoz,
   author = {{Mu{\~n}oz-Mateos}, J.~C. and {Gil de Paz}, A. and {Boissier}, S. and 
	{Zamorano}, J. and {Jarrett}, T. and {Gallego}, J. and {Madore}, B.~F.
	},
    title = "{Specific Star Formation Rate Profiles in Nearby Spiral Galaxies: Quantifying the Inside-Out Formation of Disks}",
  journal = {\apj},
   eprint = {arXiv:astro-ph/0612017},
 keywords = {Atlases, Galaxies: Photometry, Galaxies: Stellar Content, Infrared: Galaxies, Ultraviolet: Galaxies},
     year = 2007,
    month = apr,
   volume = 658,
    pages = {1006-1026},
      doi = {10.1086/511812},
   adsurl = {http://adsabs.harvard.edu/abs/2007ApJ...658.1006M},
  adsnote = {Provided by the SAO/NASA Astrophysics Data System}
}

@ARTICLE{kong,
   author = {{Kong}, X. and {Charlot}, S. and {Brinchmann}, J. and {Fall}, S.~M.
	},
    title = "{Star formation history and dust content of galaxies drawn from ultraviolet surveys}",
  journal = {\mnras},
   eprint = {arXiv:astro-ph/0312474},
 keywords = {dust, extinction, galaxies: general, ultraviolet: galaxies},
     year = 2004,
    month = apr,
   volume = 349,
    pages = {769-778},
      doi = {10.1111/j.1365-2966.2004.07556.x},
   adsurl = {http://adsabs.harvard.edu/abs/2004MNRAS.349..769K},
  adsnote = {Provided by the SAO/NASA Astrophysics Data System}
}

@ARTICLE{calzetti,
   author = {{Calzetti}, D.},
    title = "{Star Formation Rate Indicators}",
  journal = {ArXiv e-prints},
archivePrefix = "arXiv",
   eprint = {1208.2997},
 primaryClass = "astro-ph.CO",
 keywords = {Astrophysics - Cosmology and Extragalactic Astrophysics},
     year = 2012,
    month = aug,
   adsurl = {http://adsabs.harvard.edu/abs/2012arXiv1208.2997C},
  adsnote = {Provided by the SAO/NASA Astrophysics Data System}
}

@ARTICLE{wang,
   author = {{Wang}, J. and {Kauffmann}, G. and {Overzier}, R. and {Catinella}, B. and 
	{Schiminovich}, D. and {Heckman}, T.~M. and {Moran}, S.~M. and 
	{Haynes}, M.~P. and {Giovanelli}, R. and {Kong}, X.},
    title = "{The GALEX Arecibo SDSS survey - III. Evidence for the inside-out formation of Galactic discs}",
  journal = {\mnras},
archivePrefix = "arXiv",
   eprint = {1011.0829},
 primaryClass = "astro-ph.CO",
 keywords = {galaxies: evolution, ultraviolet: galaxies},
     year = 2011,
    month = apr,
   volume = 412,
    pages = {1081-1097},
      doi = {10.1111/j.1365-2966.2010.17962.x},
   adsurl = {http://adsabs.harvard.edu/abs/2011MNRAS.412.1081W},
  adsnote = {Provided by the SAO/NASA Astrophysics Data System}
}

@ARTICLE{hunter,
   author = {{Hunter}, D.},
    title = "{Star Formation in Irregular Galaxies: A Review of Several Key Questions}",
  journal = {\pasp},
 keywords = {STARS: FORMATION, GALAXIES: IRREGULAR},
     year = 1997,
    month = sep,
   volume = 109,
    pages = {937-950},
      doi = {10.1086/133965},
   adsurl = {http://adsabs.harvard.edu/abs/1997PASP..109..937H},
  adsnote = {Provided by the SAO/NASA Astrophysics Data System}
}

@ARTICLE{kauffmann,
   author = {{Kauffmann}, G. and {Heckman}, T.~M. and {White}, S.~D.~M. and 
	{Charlot}, S. and {Tremonti}, C. and {Peng}, E.~W. and {Seibert}, M. and 
	{Brinkmann}, J. and {Nichol}, R.~C. and {SubbaRao}, M. and {York}, D.
	},
    title = "{The dependence of star formation history and internal structure on stellar mass for 10$^{5}$ low-redshift galaxies}",
  journal = {\mnras},
   eprint = {arXiv:astro-ph/0205070},
 keywords = {galaxies: evolution, galaxies: formation, galaxies: stellar content},
     year = 2003,
    month = may,
   volume = 341,
    pages = {54-69},
      doi = {10.1046/j.1365-8711.2003.06292.x},
   adsurl = {http://adsabs.harvard.edu/abs/2003MNRAS.341...54K},
  adsnote = {Provided by the SAO/NASA Astrophysics Data System}
}

@ARTICLE{baldry,
   author = {{Baldry}, I.~K. and {Glazebrook}, K. and {Brinkmann}, J. and 
	{Ivezi{\'c}}, {\v Z}. and {Lupton}, R.~H. and {Nichol}, R.~C. and 
	{Szalay}, A.~S.},
    title = "{Quantifying the Bimodal Color-Magnitude Distribution of Galaxies}",
  journal = {\apj},
   eprint = {arXiv:astro-ph/0309710},
 keywords = {Galaxies: Evolution, Galaxies: Fundamental Parameters, Galaxies: Luminosity Function, Mass Function, Galaxies: Photometry},
     year = 2004,
    month = jan,
   volume = 600,
    pages = {681-694},
      doi = {10.1086/380092},
   adsurl = {http://adsabs.harvard.edu/abs/2004ApJ...600..681B},
  adsnote = {Provided by the SAO/NASA Astrophysics Data System}
}

@Article{hopkins,
author = {{Hopkins}, P. F. and {Hernquist}, L. and {Cox}, T. J. and {Di Matteo}, T. and {Robertson}, B. and {Springel}, V.},
title = {A Unified, Merger-driven Model of the Origin of Starbursts, Quasars, the Cosmic X-Ray Background, Supermassive Black Holes, and Galaxy Spheroids},
journal = {ApJS},
year = {2006},
OPTkey = {•},
volume = {163},
OPTnumber = {•},
pages = {1-49},
OPTmonth = {•},
OPTnote = {•},
OPTannote = {•}
}


@misc{gonzalez2002digital,
  title={Digital image processing},
  author={Gonzalez, Rafael C and Woods, Richard E},
  year={2002},
  publisher={Prentice Hall Upper Saddle River, NJ}
}

@BOOK{1982dpp..book.....R,
   author = {{Rosenfeld}, A. and {Kak}, A.~C.},
    title = "{Digital picture processing - Volume 1, Volume 2}",
booktitle = {Computer Science and Applied Mathematics, New York: Academic Press, 1982, 2nd ed.},
     year = 1982,
   adsurl = {http://adsabs.harvard.edu/abs/1982dpp..book.....R},
  adsnote = {Provided by the SAO/NASA Astrophysics Data System}
}

@book{marques1999processamento,
  title={Processamento digital de imagens},
  author={Marques Filho, Og{\^e} and Neto, Hugo Vieira},
  year={1999},
  publisher={Brasport}
}

@article{haralick1979statistical,
  title={Statistical and structural approaches to texture},
  author={Haralick, Robert M},
  journal={Proceedings of the IEEE},
  volume={67},
  number={5},
  pages={786--804},
  year={1979},
  publisher={IEEE}
}

@article{hawkins1970textural,
  title={Textural properties for pattern recognition},
  author={Hawkins, Joseph K},
  journal={Picture processing and psychopictorics},
  pages={347--370},
  year={1970},
  publisher={New York: Academic Press}
}


@article{aggarwal2010aspect,
  title={Aspect ratio analysis using image processing for rice grain quality},
  author={Aggarwal, Amit K and Mohan, Ratan},
  journal={International journal of food engineering},
  volume={6},
  number={5},
  year={2010}
}

@book{friel2000practical,
  title={Practical guide to image analysis},
  author={Friel, John J and others},
  year={2000},
  publisher={ASM international}
}

@book{flusser09,
 author = {Flusser, Jan and Zitova, Barbara and Suk, Tomas},
 title = {Moments and Moment Invariants in Pattern Recognition},
 year = {2009},
 isbn = {0470699876, 9780470699874},
 publisher = {Wiley Publishing},
}

@Article{kilian,
author = {{Kilian},J.},
title = {Simple Image Analysis by Moments - Version 0.2},
year = {2001},
}


@article{shapefactor,
title = "The Geometric Features, Shape Factors and Fractal Dimensions of Suspended Particulate Matter in the Scheldt Estuary (Belgium) ",
journal = "Estuarine, Coastal and Shelf Science ",
volume = "48",
number = "3",
pages = "293 - 305",
year = "1999",
note = "",
issn = "0272-7714",
doi = "http://dx.doi.org/10.1006/ecss.1999.0420",
url = "http://www.sciencedirect.com/science/article/pii/S0272771499904201",
author = "R.G. Billiones and M.L. Tackx and M.H. Daro",
}

@ARTICLE{conselice2014,
   author = {{Conselice}, C.~J.},
    title = "{The Evolution of Galaxy Structure Over Cosmic Time}",
  journal = {araa},
archivePrefix = "arXiv",
   eprint = {1403.2783},
     year = 2014,
    month = aug,
   volume = 52,
    pages = {291-337},
      doi = {10.1146/annurev-astro-081913-040037},
   adsurl = {http://adsabs.harvard.edu/abs/2014ARA%26A..52..291C},
  adsnote = {Provided by the SAO/NASA Astrophysics Data System}
}

@ARTICLE{bershady,
   author = {{Bershady}, M.~A. and {Jangren}, A. and {Conselice}, C.~J.},
    title = "{Structural and Photometric Classification of Galaxies. I. Calibration Based on a Nearby Galaxy Sample}",
  journal = {AJ},
   eprint = {astro-ph/0002262},
 keywords = {Galaxies: Compact, Galaxies: Fundamental Parameters, Galaxies: Starburst},
     year = 2000,
    month = jun,
   volume = 119,
    pages = {2645-2663},
      doi = {10.1086/301386},
   adsurl = {http://adsabs.harvard.edu/abs/2000AJ....119.2645B},
  adsnote = {Provided by the SAO/NASA Astrophysics Data System}
}


@ARTICLE{conselice2003,
   author = {{Conselice}, C.~J.},
    title = "{The Relationship between Stellar Light Distributions of Galaxies and Their Formation Histories}",
  journal = {\apjs},
   eprint = {astro-ph/0303065},
 keywords = {Galaxies: Evolution, Galaxies: Formation, Galaxies: Structure},
     year = 2003,
    month = jul,
   volume = 147,
    pages = {1-28},
      doi = {10.1086/375001},
   adsurl = {http://adsabs.harvard.edu/abs/2003ApJS..147....1C},
  adsnote = {Provided by the SAO/NASA Astrophysics Data System}
}